@article{biering2007,
  author    = {Bodil Biering and
               Lars Birkedal and
               Noah Torp-Smith},
  title     = {{BI-hyperdoctrines}, higher-order separation logic, and abstraction},
  journal   = {ACM Trans. Program. Lang. Syst.},
  volume    = {29},
  number    = {5},
  year      = {2007},
  ee        = {http://doi.acm.org/10.1145/1275497.1275499},
  bibsource = {DBLP, http://dblp.uni-trier.de}
}

@inproceedings{bierhoff2006,
  author = "Kevin Bierhoff",
  title = "Iterator Specification with Typestates",
  booktitle = "SAVCBS",
  year = "2006",
  ee = "http://www.eecs.ucf.edu/SAVCBS/2006/challenges/Bierhoff.pdf"
}

@inproceedings{bierhoff2007,
  author    = {Kevin Bierhoff and
               Jonathan Aldrich},
  title     = {Modular typestate checking of aliased objects},
  booktitle = {OOPSLA},
  year      = {2007},
  pages     = {301--320},
  ee        = {http://doi.acm.org/10.1145/1297027.1297050},
  crossref  = {DBLP:conf/oopsla/2007},
  bibsource = {DBLP, http://dblp.uni-trier.de}
}

@inproceedings{cok2006,
  author = "David Cok",
  title = "Specifying {Java} Iterators with {JML} and {ESC/Java2}",
  booktitle = "SAVCBS",
  year = "2006",
  ee = "http://www.eecs.ucf.edu/SAVCBS/2006/challenges/Cok.pdf"
}

@inproceedings{deline2004,
  author    = {Robert DeLine and
               Manuel F{\"a}hndrich},
  title     = {Typestates for Objects},
  booktitle = {ECOOP},
  year      = {2004},
  pages     = {465--490},
  ee        = {http://springerlink.metapress.com/openurl.asp?genre=article{\&}issn=0302-9743{\&}volume=3086{\&}spage=465},
  crossref  = {DBLP:conf/ecoop/2004},
  bibsource = {DBLP, http://dblp.uni-trier.de}
}

@misc{escjava,
  howpublished = "\url{http://en.wikipedia.org/wiki/ESC/Java}"
}

@article{girard1987,
  author    = {Jean-Yves Girard},
  title     = {Linear Logic},
  journal   = {Theor. Comput. Sci.},
  volume    = {50},
  year      = {1987},
  pages     = {1--102},
  bibsource = {DBLP, http://dblp.uni-trier.de}
}

@article{haack2009,
  author    = {Christian Haack and
               Cl{\'e}ment Hurlin},
  title     = {Resource Usage Protocols for Iterators},
  journal   = {Journal of Object Technology},
  volume    = {8},
  number    = {4},
  year      = {2009},
  pages     = {55--83},
  ee        = {http://www.jot.fm/issues/issue_2009_06/article3.pdf},
  bibsource = {DBLP, http://dblp.uni-trier.de}
}

@misc{jml,
  howpublished = "\url{http://www.eecs.ucf.edu/~leavens/JML}"
}

@inproceedings{krishnaswami2006,
  author = "Neelakantan Krishnaswami",
  title = "Reasoning about Iterators with Separation Logic",
  booktitle = "SAVCBS",
  year = "2006",
  ee = "http://www.eecs.ucf.edu/SAVCBS/2006/challenges/Krishnaswami.pdf"
}

@misc{resolve,
  howpublished = "\url{http://www.cse.ohio-state.edu/rsrg/}"
}

@article{strom1986,
  author    = {Robert E. Strom and
               Shaula Yemini},
  title     = {Typestate: A Programming Language Concept for Enhancing
               Software Reliability},
  journal   = {IEEE Trans. Software Eng.},
  volume    = {12},
  number    = {1},
  year      = {1986},
  pages     = {157-171},
  bibsource = {DBLP, http://dblp.uni-trier.de}
}

@inproceedings{trentelman2002,
  author    = {Kerry Trentelman and
               Marieke Huisman},
  title     = {Extending {JML} Specifications with Temporal Logic},
  booktitle = {AMAST},
  year      = {2002},
  pages     = {334--348},
  ee        = {http://link.springer.de/link/service/series/0558/bibs/2422/24220334.htm},
  crossref  = {DBLP:conf/amast/2002},
  bibsource = {DBLP, http://dblp.uni-trier.de}
}

@inproceedings{weide2006,
  author = "Bruce W. Weide",
  title = "{SAVCBS} 2006 Challenge: Specification of Iterators",
  booktitle = "SAVCBS",
  year = "2006",
  ee = "http://www.eecs.ucf.edu/SAVCBS/2006/challenges/Weide.pdf"
}

@proceedings{DBLP:conf/amast/2002,
  editor    = {H{\'e}l{\`e}ne Kirchner and
               Christophe Ringeissen},
  title     = {Algebraic Methodology and Software Technology, 9th International
               Conference, AMAST 2002, Saint-Gilles-les-Bains, Reunion
               Island, France, September 9--13, 2002, Proceedings},
  booktitle = {AMAST},
  publisher = {Springer},
  series    = {Lecture Notes in Computer Science},
  volume    = {2422},
  year      = {2002},
  isbn      = {3-540-44144-1},
  bibsource = {DBLP, http://dblp.uni-trier.de}
}

@proceedings{DBLP:conf/ecoop/2004,
  editor    = {Martin Odersky},
  title     = {ECOOP 2004 --- Object-Oriented Programming, 18th European
               Conference, Oslo, Norway, June 14--18, 2004, Proceedings},
  booktitle = {ECOOP},
  publisher = {Springer},
  series    = {Lecture Notes in Computer Science},
  volume    = {3086},
  year      = {2004},
  isbn      = {3-540-22159-X},
  bibsource = {DBLP, http://dblp.uni-trier.de}
}

@proceedings{DBLP:conf/oopsla/2007,
  editor    = {Richard P. Gabriel and
               David F. Bacon and
               Cristina Videira Lopes and
               Guy L. Steele Jr.},
  title     = {Proceedings of the 22nd Annual ACM SIGPLAN Conference on
               Object-Oriented Programming, Systems, Languages, and Applications,
               OOPSLA 2007, October 21--25, 2007, Montreal, Quebec, Canada},
  booktitle = {OOPSLA},
  publisher = {ACM},
  year      = {2007},
  isbn      = {978-1-59593-786-5},
  bibsource = {DBLP, http://dblp.uni-trier.de}
}

