
@InProceedings{   dblp:conf/ecoop/bierhoffba09,
  author        = "Kevin Bierhoff and Nels E. Beckman and Jonathan Aldrich",
  title         = "Practical {API} Protocol Checking with Access Permissions",
  booktitle     = "ECOOP",
  year          = "2009",
  pages         = "195-219",
  ee            = "http://dx.doi.org/10.1007/978-3-642-03013-0_10",
  crossref      = "DBLP:conf/ecoop/2009",
  bibsource     = "DBLP, http://dblp.uni-trier.de"
}

@InProceedings{   dblp:conf/oopsla/naeeml08,
  author        = "Nomair A. Naeem and Ondrej Lhot{\'a}k",
  title         = "Typestate-like analysis of multiple interacting objects",
  booktitle     = "OOPSLA",
  year          = "2008",
  pages         = "347-366",
  ee            = "http://doi.acm.org/10.1145/1449764.1449792",
  crossref      = "DBLP:conf/oopsla/2008",
  bibsource     = "DBLP, http://dblp.uni-trier.de"
}

@InProceedings{   dblp:conf/sigsoft/boddenlh08,
  author        = "Eric Bodden and Patrick Lam and Laurie J. Hendren",
  title         = "Finding programming errors earlier by evaluating runtime
                  monitors ahead-of-time",
  booktitle     = "SIGSOFT FSE",
  year          = "2008",
  pages         = "36-47",
  ee            = "http://doi.acm.org/10.1145/1453101.1453109",
  crossref      = "DBLP:conf/sigsoft/2008",
  bibsource     = "DBLP, http://dblp.uni-trier.de"
}

@InProceedings{   dblp:conf/oopsla/bierhoffa07,
  author        = "Kevin Bierhoff and Jonathan Aldrich",
  title         = "Modular typestate checking of aliased objects",
  booktitle     = "OOPSLA",
  year          = "2007",
  pages         = "301--320",
  ee            = "http://doi.acm.org/10.1145/1297027.1297050",
  crossref      = "DBLP:conf/oopsla/2007",
  bibsource     = "DBLP, http://dblp.uni-trier.de"
}

@InProceedings{   deline2004,
  author        = "Robert DeLine and Manuel F{\"a}hndrich",
  title         = "Typestates for Objects",
  booktitle     = "ECOOP",
  year          = "2004",
  pages         = "465--490",
  ee            = "http://springerlink.metapress.com/openurl.asp?genre=article{\&}issn=0302-9743{\&}volume=3086{\&}spage=465"
                  ,
  crossref      = "DBLP:conf/ecoop/2004",
  bibsource     = "DBLP, http://dblp.uni-trier.de"
}

@InProceedings{   reynolds2002,
  author        = "John C. Reynolds",
  title         = "Separation Logic: A Logic for Shared Mutable Data
                  Structures",
  booktitle     = "LICS",
  year          = "2002",
  pages         = "55--74",
  ee            = "http://doi.ieeecomputersociety.org/10.1109/LICS.2002.1029817"
                  ,
  crossref      = "DBLP:conf/lics/2002",
  bibsource     = "DBLP, http://dblp.uni-trier.de"
}

@InProceedings{   trentelman2002,
  author        = "Kerry Trentelman and Marieke Huisman",
  title         = "Extending {JML} Specifications with Temporal Logic",
  booktitle     = "AMAST",
  year          = "2002",
  pages         = "334--348",
  ee            = "http://link.springer.de/link/service/series/0558/bibs/2422/24220334.htm"
                  ,
  crossref      = "DBLP:conf/amast/2002",
  bibsource     = "DBLP, http://dblp.uni-trier.de"
}

@InProceedings{   dblp:conf/issta/finkydrg06,
  author        = "Stephen J. Fink and Eran Yahav and Nurit Dor and G.
                  Ramalingam and Emmanuel Geay",
  title         = "Effective typestate verification in the presence of
                  aliasing",
  booktitle     = "ISSTA",
  year          = "2006",
  pages         = "133-144",
  ee            = "http://doi.acm.org/10.1145/1146238.1146254",
  crossref      = "DBLP:conf/issta/2006",
  bibsource     = "DBLP, http://dblp.uni-trier.de"
}

@InProceedings{   dblp:conf/popl/calcagnodoy09,
  author        = "Cristiano Calcagno and Dino Distefano and Peter W. O'Hearn
                  and Hongseok Yang",
  title         = "Compositional shape analysis by means of bi-abduction",
  booktitle     = "POPL",
  year          = "2009",
  pages         = "289-300",
  ee            = "http://doi.acm.org/10.1145/1480881.1480917",
  crossref      = "DBLP:conf/popl/2009",
  bibsource     = "DBLP, http://dblp.uni-trier.de"
}

@InProceedings{   dblp:conf/sigsoft/bierhoffa05,
  author        = "Kevin Bierhoff and Jonathan Aldrich",
  title         = "Lightweight object specification with typestates",
  booktitle     = "ESEC/SIGSOFT FSE",
  year          = "2005",
  pages         = "217-226",
  ee            = "http://doi.acm.org/10.1145/1081706.1081741",
  crossref      = "DBLP:conf/sigsoft/2005",
  bibsource     = "DBLP, http://dblp.uni-trier.de"
}

@InProceedings{   dblp:conf/cav/ballr01,
  author        = "Thomas Ball and Sriram K. Rajamani",
  title         = "The {SLAM} Toolkit",
  booktitle     = "CAV",
  year          = "2001",
  pages         = "260-264",
  ee            = "http://dx.doi.org/10.1007/3-540-44585-4_25",
  crossref      = "DBLP:conf/cav/2001",
  bibsource     = "DBLP, http://dblp.uni-trier.de"
}

@InProceedings{   dblp:conf/oopsla/distefanop08,
  author        = "Dino Distefano and Matthew J. Parkinson",
  title         = "{jStar}: towards practical verification for {Java}",
  booktitle     = "OOPSLA",
  year          = "2008",
  pages         = "213-226",
  ee            = "http://doi.acm.org/10.1145/1449764.1449782",
  crossref      = "DBLP:conf/oopsla/2008",
  bibsource     = "DBLP, http://dblp.uni-trier.de"
}

@InProceedings{   dblp:conf/focs/pnueli77,
  author        = "Amir Pnueli",
  title         = "The Temporal Logic of Programs",
  booktitle     = "FOCS",
  year          = "1977",
  pages         = "46-57",
  crossref      = "DBLP:conf/focs/FOCS18",
  bibsource     = "DBLP, http://dblp.uni-trier.de"
}

@InProceedings{   dblp:conf/oopsla/avgustinovtm07,
  author        = "Pavel Avgustinov and Julian Tibble and Oege de Moor",
  title         = "Making trace monitors feasible",
  booktitle     = "OOPSLA",
  year          = "2007",
  pages         = "589-608",
  ee            = "http://doi.acm.org/10.1145/1297027.1297070",
  crossref      = "DBLP:conf/oopsla/2007",
  bibsource     = "DBLP, http://dblp.uni-trier.de"
}

@InProceedings{   dblp:conf/oopsla/allanachklmsst05,
  author        = "Chris Allan and Pavel Avgustinov and Aske Simon
                  Christensen and Laurie J. Hendren and Sascha Kuzins and
                  Ondrej Lhot{\'a}k and Oege de Moor and Damien Sereni and
                  Ganesh Sittampalam and Julian Tibble",
  title         = "Adding trace matching with free variables to AspectJ",
  booktitle     = "OOPSLA",
  year          = "2005",
  pages         = "345-364",
  ee            = "http://doi.acm.org/10.1145/1094811.1094839",
  crossref      = "DBLP:conf/oopsla/2005",
  bibsource     = "DBLP, http://dblp.uni-trier.de"
}

@InProceedings{   dblp:conf/oopsla/dacapo,
  author        = "Stephen M. Blackburn and Robin Garner and Chris Hoffmann
                  and Asjad M. Khan and Kathryn S. McKinley and Rotem Bentzur
                  and Amer Diwan and Daniel Feinberg and Daniel Frampton and
                  Samuel Z. Guyer and Martin Hirzel and Antony L. Hosking and
                  Maria Jump and Han Bok Lee and J. Eliot B. Moss and Aashish
                  Phansalkar and Darko Stefanovic and Thomas VanDrunen and
                  Daniel von Dincklage and Ben Wiedermann",
  title         = "The DaCapo benchmarks: java benchmarking development and
                  analysis",
  booktitle     = "OOPSLA",
  year          = "2006",
  pages         = "169-190",
  ee            = "http://doi.acm.org/10.1145/1167473.1167488",
  crossref      = "DBLP:conf/oopsla/2006",
  bibsource     = "DBLP, http://dblp.uni-trier.de"
}

@InProceedings{   dblp:conf/csl/segoufin06,
  author        = "Luc Segoufin",
  title         = "Automata and Logics for Words and Trees over an Infinite
                  Alphabet",
  booktitle     = "CSL",
  year          = "2006",
  pages         = "41-57",
  ee            = "http://dx.doi.org/10.1007/11874683_3",
  crossref      = "DBLP:conf/csl/2006",
  bibsource     = "DBLP, http://dblp.uni-trier.de"
}

@InProceedings{   dblp:conf/oopsla/chenr07,
  author        = "Feng Chen and Grigore Rosu",
  title         = "Mop: an efficient and generic runtime verification
                  framework",
  booktitle     = "OOPSLA",
  year          = "2007",
  pages         = "569-588",
  ee            = "http://doi.acm.org/10.1145/1297027.1297069",
  crossref      = "DBLP:conf/oopsla/2007",
  bibsource     = "DBLP, http://dblp.uni-trier.de"
}

@InProceedings{   dblp:conf/focs/aragons89,
  author        = "Cecilia R. Aragon and Raimund Seidel",
  title         = "Randomized Search Trees",
  booktitle     = "FOCS",
  year          = "1989",
  pages         = "540-545",
  ee            = "http://doi.ieeecomputersociety.org/10.1109/SFCS.1989.63531"
                  ,
  crossref      = "DBLP:conf/focs/FOCS30",
  bibsource     = "DBLP, http://dblp.uni-trier.de"
}

@Article{         dblp:journals/sttt/meredithjgcr12,
  author        = "Patrick O'Neil Meredith and Dongyun Jin and Dennis
                  Griffith and Feng Chen and Grigore Rosu",
  title         = "An overview of the MOP runtime verification framework",
  journal       = "STTT",
  volume        = "14",
  number        = "3",
  year          = "2012",
  pages         = "249-289",
  ee            = "http://dx.doi.org/10.1007/s10009-011-0198-6",
  bibsource     = "DBLP, http://dblp.uni-trier.de"
}

@Article{         dblp:journals/corr/abs-1112-5761,
  author        = "Grigore Rosu and Feng Chen",
  title         = "Semantics and Algorithms for Parametric Monitoring",
  journal       = "Logical Methods in Computer Science",
  volume        = "8",
  number        = "1",
  year          = "2012",
  ee            = "http://dx.doi.org/10.2168/LMCS-8(1:9)2012",
  bibsource     = "DBLP, http://dblp.uni-trier.de"
}

@Article{         dblp:journals/tcs/sakamotoi00,
  author        = "Hiroshi Sakamoto and Daisuke Ikeda",
  title         = "Intractability of decision problems for finite-memory
                  automata",
  journal       = "Theor. Comput. Sci.",
  volume        = "231",
  number        = "2",
  year          = "2000",
  pages         = "297-308",
  ee            = "http://dx.doi.org/10.1016/S0304-3975(99)00105-X",
  bibsource     = "DBLP, http://dblp.uni-trier.de"
}

@InProceedings{   our-fool2011,
  author        = "Radu Grigore and Rasmus Lerchedahl Petersen and Dino
                  Distefano",
  title         = "{TOPL}: A Language for Specifying Safety Temporal
                  Properties of Object-Oriented Programs",
  booktitle     = "FOOL",
  year          = "2011"
}

@Article{         dblp:journals/scp/harel87,
  author        = "David Harel",
  title         = "Statecharts: A Visual Formalism for Complex Systems",
  journal       = "Sci. Comput. Program.",
  volume        = "8",
  number        = "3",
  year          = "1987",
  pages         = "231-274",
  ee            = "http://dx.doi.org/10.1016/0167-6423(87)90035-9",
  bibsource     = "DBLP, http://dblp.uni-trier.de"
}

@Article{         arnold:2008:qer:1449955.1449776,
  author        = "Arnold, Matthew and Vechev, Martin and Yahav, Eran",
  title         = "QVM: an efficient runtime for detecting defects in
                  deployed systems",
  journal       = "SIGPLAN Not.",
  issue_date    = "September 2008",
  volume        = "43",
  number        = "10",
  month         = oct,
  year          = "2008",
  issn          = "0362-1340",
  pages         = "143--162",
  numpages      = "20",
  url           = "http://doi.acm.org/10.1145/1449955.1449776",
  doi           = "10.1145/1449955.1449776",
  acmid         = "1449776",
  publisher     = "ACM",
  address       = "New York, NY, USA",
  keywords      = "algorithms, reliability, virtual machines"
}

@Proceedings{     dblp:conf/oopsla/2007,
  editor        = "Richard P. Gabriel and David F. Bacon and Cristina Videira
                  Lopes and Guy L. Steele Jr.",
  title         = "Proceedings of the 22nd Annual ACM SIGPLAN Conference on
                  Object-Oriented Programming, Systems, Languages, and
                  Applications, OOPSLA 2007, October 21-25, 2007, Montreal,
                  Quebec, Canada",
  booktitle     = "OOPSLA",
  publisher     = "ACM",
  year          = "2007",
  isbn          = "978-1-59593-786-5",
  bibsource     = "DBLP, http://dblp.uni-trier.de"
}

@InProceedings{   arnold:2008,
  author        = "Arnold, Matthew and Vechev, Martin and Yahav, Eran",
  title         = "QVM: an efficient runtime for detecting defects in
                  deployed systems",
  booktitle     = "Proceedings of the 23rd ACM SIGPLAN conference on
                  Object-oriented programming systems languages and
                  applications",
  series        = "OOPSLA '08",
  year          = "2008",
  isbn          = "978-1-60558-215-3",
  location      = "Nashville, TN, USA",
  pages         = "143--162",
  numpages      = "20",
  url           = "http://doi.acm.org/10.1145/1449764.1449776",
  doi           = "10.1145/1449764.1449776",
  acmid         = "1449776",
  publisher     = "ACM",
  address       = "New York, NY, USA",
  keywords      = "algorithms, reliability, virtual machines"
}

@Article{         dblp:journals/tcs/abadil91,
  author        = "Mart\'{\i}n Abadi and Leslie Lamport",
  title         = "The Existence of Refinement Mappings",
  journal       = "Theor. Comput. Sci.",
  volume        = "82",
  number        = "2",
  year          = "1991",
  pages         = "253-284",
  ee            = "http://dx.doi.org/10.1016/0304-3975(91)90224-P",
  bibsource     = "DBLP, http://dblp.uni-trier.de"
}

@Proceedings{     dblp:conf/csl/2006,
  editor        = "Zolt{\'a}n {\'E}sik",
  title         = "Computer Science Logic, 20th International Workshop, CSL
                  2006, 15th Annual Conference of the EACSL, Szeged, Hungary,
                  September 25-29, 2006, Proceedings",
  booktitle     = "CSL",
  publisher     = "Springer",
  series        = "Lecture Notes in Computer Science",
  volume        = "4207",
  year          = "2006",
  isbn          = "3-540-45458-6",
  bibsource     = "DBLP, http://dblp.uni-trier.de"
}

@Article{         dblp:journals/tcs/kaminskif94,
  author        = "Michael Kaminski and Nissim Francez",
  title         = "Finite-Memory Automata",
  journal       = "Theor. Comput. Sci.",
  volume        = "134",
  number        = "2",
  year          = "1994",
  pages         = "329-363",
  ee            = "http://dx.doi.org/10.1016/0304-3975(94)90242-9",
  bibsource     = "DBLP, http://dblp.uni-trier.de"
}

@Article{         dblp:journals/tocl/demril09,
  author        = "St{\'e}phane Demri and Ranko Lazic",
  title         = "{LTL} with the freeze quantifier and register automata",
  journal       = "ACM Trans. Comput. Log.",
  volume        = "10",
  number        = "3",
  year          = "2009",
  ee            = "http://doi.acm.org/10.1145/1507244.1507246",
  bibsource     = "DBLP, http://dblp.uni-trier.de"
}

@Article{         dblp:journals/entcs/aktugn08,
  author        = "Irem Aktug and Katsiaryna Naliuka",
  title         = "{ConSpec}\,---\,A Formal Language for Policy
                  Specification",
  journal       = "Electr. Notes Theor. Comput. Sci.",
  volume        = "197",
  number        = "1",
  year          = "2008",
  pages         = "45-58",
  ee            = "http://dx.doi.org/10.1016/j.entcs.2007.10.013",
  bibsource     = "DBLP, http://dblp.uni-trier.de"
}

@Book{            haskell,
  editor        = "Peyton Jones, Simon",
  title         = "Haskell 98 Language and Libraries --- The Revised Report",
  publisher     = "Cambridge University Press",
  address       = "Cambridge, England",
  year          = "2003"
}

@Unpublished{     leino2008boogie,
  author        = "K. Rustan M. Leino",
  title         = "This is {Boogie}~2",
  note          = "KRML 178",
  year          = "2008"
}

@InProceedings{   disney2011,
  author        = "Tim Disney and Cormac Flanagan and Jay McCarthy",
  title         = "Temporal Higher-Order Contracts",
  booktitle     = "ICFP",
  year          = "2011"
}

@TechReport{      ball2002,
  author        = "Thomas Ball and Sriram K. Rajamani",
  title         = "{\sc Slic}: a Specification Language for Interface
                  Checking (of {C})",
  institution   = "Microsoft Research",
  year          = "2002",
  number        = "MSR-TR-2001-21"
}

@Article{         dblp:journals/tcs/girard87,
  author        = "Jean-Yves Girard",
  title         = "Linear Logic",
  journal       = "Theor. Comput. Sci.",
  volume        = "50",
  year          = "1987",
  pages         = "1-102",
  bibsource     = "DBLP, http://dblp.uni-trier.de"
}

@Proceedings{     dblp:conf/cav/2001,
  editor        = "G{\'e}rard Berry and Hubert Comon and Alain Finkel",
  title         = "Computer Aided Verification, 13th International
                  Conference, CAV 2001, Paris, France, July 18-22, 2001,
                  Proceedings",
  booktitle     = "CAV",
  publisher     = "Springer",
  series        = "Lecture Notes in Computer Science",
  volume        = "2102",
  year          = "2001",
  isbn          = "3-540-42345-1",
  bibsource     = "DBLP, http://dblp.uni-trier.de"
}

@Proceedings{     dblp:conf/ecoop/2009,
  editor        = "Sophia Drossopoulou",
  title         = "ECOOP 2009 - Object-Oriented Programming, 23rd European
                  Conference, Genoa, Italy, July 6-10, 2009. Proceedings",
  booktitle     = "ECOOP",
  publisher     = "Springer",
  series        = "Lecture Notes in Computer Science",
  volume        = "5653",
  year          = "2009",
  isbn          = "978-3-642-03012-3",
  ee            = "http://dx.doi.org/10.1007/978-3-642-03013-0",
  bibsource     = "DBLP, http://dblp.uni-trier.de"
}

@Article{         dblp:journals/scp/fieldgry05,
  author        = "John Field and Deepak Goyal and Ganesan Ramalingam and
                  Eran Yahav",
  title         = "Typestate verification: Abstraction techniques and
                  complexity results",
  journal       = "Sci. Comput. Program.",
  volume        = "58",
  number        = "1-2",
  year          = "2005",
  pages         = "57-82",
  ee            = "http://dx.doi.org/10.1016/j.scico.2005.02.004",
  bibsource     = "DBLP, http://dblp.uni-trier.de"
}

@Proceedings{     dblp:conf/oopsla/2008,
  editor        = "Gail E. Harris",
  title         = "Proceedings of the 23rd Annual ACM SIGPLAN Conference on
                  Object-Oriented Programming, Systems, Languages, and
                  Applications, OOPSLA 2008, October 19-23, 2008, Nashville,
                  TN, USA",
  booktitle     = "OOPSLA",
  publisher     = "ACM",
  year          = "2008",
  isbn          = "978-1-60558-215-3",
  bibsource     = "DBLP, http://dblp.uni-trier.de"
}

@Proceedings{     dblp:conf/sigsoft/2008,
  editor        = "Mary Jean Harrold and Gail C. Murphy",
  title         = "Proceedings of the 16th ACM SIGSOFT International
                  Symposium on Foundations of Software Engineering, 2008,
                  Atlanta, Georgia, USA, November 9-14, 2008",
  booktitle     = "SIGSOFT FSE",
  publisher     = "ACM",
  year          = "2008",
  isbn          = "978-1-59593-995-1",
  bibsource     = "DBLP, http://dblp.uni-trier.de"
}

@InProceedings{   dblp:conf/sigsoft/alfaroh01,
  author        = "Luca de Alfaro and Thomas A. Henzinger",
  title         = "Interface automata",
  booktitle     = "ESEC / SIGSOFT FSE",
  year          = "2001",
  pages         = "109-120",
  ee            = "http://doi.acm.org/10.1145/503209.503226",
  bibsource     = "DBLP, http://dblp.uni-trier.de"
}

@Article{         biering2007,
  author        = "Bodil Biering and Lars Birkedal and Noah Torp-Smith",
  title         = "{BI-hyperdoctrines}, higher-order separation logic, and
                  abstraction",
  journal       = "ACM Trans. Program. Lang. Syst.",
  volume        = "29",
  number        = "5",
  year          = "2007",
  ee            = "http://doi.acm.org/10.1145/1275497.1275499",
  bibsource     = "DBLP, http://dblp.uni-trier.de"
}

@InProceedings{   bierhoff2006,
  author        = "Kevin Bierhoff",
  title         = "Iterator Specification with Typestates",
  booktitle     = "SAVCBS",
  year          = "2006",
  ee            = "http://www.eecs.ucf.edu/SAVCBS/2006/challenges/Bierhoff.pdf"
                  
}

@InProceedings{   cok2006,
  author        = "David Cok",
  title         = "Specifying {Java} Iterators with {JML} and {ESC/Java2}",
  booktitle     = "SAVCBS",
  year          = "2006",
  ee            = "http://www.eecs.ucf.edu/SAVCBS/2006/challenges/Cok.pdf"
}

@Misc{            escjava,
  howpublished  = "\url{http://en.wikipedia.org/wiki/ESC/Java}"
}

@Misc{            man:glob.h,
  howpublished  = "\texttt{man glob.h}"
}

@Article{         haack2009,
  author        = "Christian Haack and Cl{\'e}ment Hurlin",
  title         = "Resource Usage Protocols for Iterators",
  journal       = "Journal of Object Technology",
  volume        = "8",
  number        = "4",
  year          = "2009",
  pages         = "55--83",
  ee            = "http://www.jot.fm/issues/issue_2009_06/article3.pdf",
  bibsource     = "DBLP, http://dblp.uni-trier.de"
}

@Misc{            jml,
  key           = "jml",
  howpublished  = "\url{http://www.eecs.ucf.edu/~leavens/JML}"
}

@InProceedings{   krishnaswami2006,
  author        = "Neelakantan Krishnaswami",
  title         = "Reasoning about Iterators with Separation Logic",
  booktitle     = "SAVCBS",
  year          = "2006",
  ee            = "http://www.eecs.ucf.edu/SAVCBS/2006/challenges/Krishnaswami.pdf"
                  
}

@Misc{            resolve,
  howpublished  = "\url{http://www.cse.ohio-state.edu/rsrg/}"
}

@Article{         strom1986,
  author        = "Robert E. Strom and Shaula Yemini",
  title         = "Typestate: A Programming Language Concept for Enhancing
                  Software Reliability",
  journal       = "IEEE Trans. Software Eng.",
  volume        = "12",
  number        = "1",
  year          = "1986",
  pages         = "157-171",
  bibsource     = "DBLP, http://dblp.uni-trier.de"
}

@Misc{            web:topl.prototype,
  author        = "Radu Grigore and Rasmus Lerchedahl Petersen",
  title         = "{TOPL} implementation",
  howpublished  = "\\\url{http://goo.gl/KD8Sy}",
  year          = "2011"
}

@Misc{            web:desugar,
  author        = "Radu Grigore",
  title         = "{TOPL} implementation design note",
  howpublished  = "\\\url{http://goo.gl/PF35z}",
  year          = "2011",
  note          = "Non-unit transitions"
}

@Proceedings{     dblp:conf/focs/focs18,
  title         = "18th Annual Symposium on Foundations of Computer Science,
                  31 October-2 November, Providence, Rhode Island, USA",
  booktitle     = "FOCS",
  publisher     = "IEEE",
  year          = "1977",
  bibsource     = "DBLP, http://dblp.uni-trier.de"
}

@InProceedings{   weide2006,
  author        = "Bruce W. Weide",
  title         = "{SAVCBS} 2006 Challenge: Specification of Iterators",
  booktitle     = "SAVCBS",
  year          = "2006",
  ee            = "http://www.eecs.ucf.edu/SAVCBS/2006/challenges/Weide.pdf"
}

@Proceedings{     dblp:conf/amast/2002,
  editor        = "H{\'e}l{\`e}ne Kirchner and Christophe Ringeissen",
  title         = "Algebraic Methodology and Software Technology, 9th
                  International Conference, AMAST 2002,
                  Saint-Gilles-les-Bains, Reunion Island, France, September
                  9--13, 2002, Proceedings",
  booktitle     = "AMAST",
  publisher     = "Springer",
  series        = "Lecture Notes in Computer Science",
  volume        = "2422",
  year          = "2002",
  isbn          = "3-540-44144-1",
  bibsource     = "DBLP, http://dblp.uni-trier.de"
}

@Proceedings{     dblp:conf/ecoop/2004,
  editor        = "Martin Odersky",
  title         = "ECOOP 2004 --- Object-Oriented Programming, 18th European
                  Conference, Oslo, Norway, June 14--18, 2004, Proceedings",
  booktitle     = "ECOOP",
  publisher     = "Springer",
  series        = "Lecture Notes in Computer Science",
  volume        = "3086",
  year          = "2004",
  isbn          = "3-540-22159-X",
  bibsource     = "DBLP, http://dblp.uni-trier.de"
}

@Proceedings{     dblp:conf/focs/focs18,
  title         = "18th Annual Symposium on Foundations of Computer Science,
                  31 October--2 November, Providence, Rhode Island, USA",
  booktitle     = "FOCS",
  publisher     = "IEEE",
  year          = "1977",
  bibsource     = "DBLP, http://dblp.uni-trier.de"
}

@Proceedings{     dblp:conf/lics/2002,
  title         = "17th IEEE Symposium on Logic in Computer Science (LICS
                  2002), 22--25 July 2002, Copenhagen, Denmark, Proceedings",
  booktitle     = "LICS",
  publisher     = "IEEE Computer Society",
  year          = "2002",
  isbn          = "0-7695-1483-9",
  bibsource     = "DBLP, http://dblp.uni-trier.de"
}

@Proceedings{     dblp:conf/oopsla/2006,
  editor        = "Peri L. Tarr and William R. Cook",
  title         = "Proceedings of the 21th Annual ACM SIGPLAN Conference on
                  Object-Oriented Programming, Systems, Languages, and
                  Applications, OOPSLA 2006, October 22-26, 2006, Portland,
                  Oregon, USA",
  booktitle     = "OOPSLA",
  publisher     = "ACM",
  year          = "2006",
  isbn          = "1-59593-348-4",
  bibsource     = "DBLP, http://dblp.uni-trier.de"
}

@Proceedings{     dblp:conf/issta/2006,
  editor        = "Lori L. Pollock and Mauro Pezz{\`e}",
  title         = "Proceedings of the ACM/SIGSOFT International Symposium on
                  Software Testing and Analysis, ISSTA 2006, Portland, Maine,
                  USA, July 17-20, 2006",
  booktitle     = "ISSTA",
  publisher     = "ACM",
  year          = "2006",
  isbn          = "1-59593-263-1",
  bibsource     = "DBLP, http://dblp.uni-trier.de"
}

@Proceedings{     dblp:conf/popl/2009,
  editor        = "Zhong Shao and Benjamin C. Pierce",
  title         = "Proceedings of the 36th ACM SIGPLAN-SIGACT Symposium on
                  Principles of Programming Languages, POPL 2009, Savannah,
                  GA, USA, January 21-23, 2009",
  booktitle     = "POPL",
  publisher     = "ACM",
  year          = "2009",
  isbn          = "978-1-60558-379-2",
  bibsource     = "DBLP, http://dblp.uni-trier.de"
}

@Proceedings{     dblp:conf/sigsoft/2005,
  editor        = "Michel Wermelinger and Harald Gall",
  title         = "Proceedings of the 10th European Software Engineering
                  Conference held jointly with 13th ACM SIGSOFT International
                  Symposium on Foundations of Software Engineering, 2005,
                  Lisbon, Portugal, September 5-9, 2005",
  booktitle     = "ESEC/SIGSOFT FSE",
  publisher     = "ACM",
  year          = "2005",
  isbn          = "1-59593-014-0",
  bibsource     = "DBLP, http://dblp.uni-trier.de"
}

@InProceedings{   parkinson-iwaco2007,
  author        = "Matthew Parkinson",
  title         = "Class Invariants: the end of the Road?",
  booktitle     = "IWACO 2007",
  year          = "2007",
  note          = "Position Paper"
}

@Book{            dblp:books/daglib/0080029,
  author        = "Zohar Manna and Amir Pnueli",
  title         = "Temporal verification of reactive systems - safety",
  publisher     = "Springer",
  year          = "1995",
  isbn          = "978-0-387-94459-3",
  pages         = "I-XV, 1-512",
  bibsource     = "DBLP, http://dblp.uni-trier.de"
}

@Article{         dblp:journals/tse/holzmann97,
  author        = "Gerard J. Holzmann",
  title         = "The Model Checker {SPIN}",
  journal       = "IEEE Trans. Software Eng.",
  volume        = "23",
  number        = "5",
  year          = "1997",
  pages         = "279-295",
  ee            = "http://www.computer.org/tse/ts1997/e0279abs.htm",
  bibsource     = "DBLP, http://dblp.uni-trier.de"
}

@Article{         dblp:journals/jot/barnettdfls04,
  author        = "Michael Barnett and Robert DeLine and Manuel F{\"a}hndrich
                  and K. Rustan M. Leino and Wolfram Schulte",
  title         = "Verification of Object-Oriented Programs with Invariants",
  journal       = "Journal of Object Technology",
  volume        = "3",
  number        = "6",
  year          = "2004",
  pages         = "27-56",
  ee            = "http://dx.doi.org/10.5381/jot.2004.3.6.a2",
  bibsource     = "DBLP, http://dblp.uni-trier.de"
}

@Proceedings{     dblp:conf/oopsla/2005,
  editor        = "Ralph E. Johnson and Richard P. Gabriel",
  title         = "Proceedings of the 20th Annual ACM SIGPLAN Conference on
                  Object-Oriented Programming, Systems, Languages, and
                  Applications, OOPSLA 2005, October 16-20, 2005, San Diego,
                  CA, USA",
  booktitle     = "OOPSLA",
  publisher     = "ACM",
  year          = "2005",
  isbn          = "1-59593-031-0",
  bibsource     = "DBLP, http://dblp.uni-trier.de"
}

@Proceedings{     dblp:conf/focs/focs30,
  title         = "30th Annual Symposium on Foundations of Computer Science,
                  Research Triangle Park, North Carolina, USA, 30 October - 1
                  November 1989",
  booktitle     = "FOCS",
  publisher     = "IEEE Computer Society",
  year          = "1989",
  bibsource     = "DBLP, http://dblp.uni-trier.de"
}

@Misc{            barista,
  author        = "Xavier Clerc",
  title         = "Barista",
  howpublished  = "\url{http://barista.x9c.fr/}"
}
