@STRING{cassis  = "Construction and Analysis of Safe, Secure and
                  Interoperable Smart devices" }
@STRING{jacm    = "Journal of the Association of Computing Machinery" }

@InProceedings{   ball2004,
  author        = "Thomas Ball and Byron Cook and Vladimir Levin and Sriram
                  K. Rajamani",
  title         = "{SLAM} and Static Driver Verifier: Technology Transfer of
                  Formal Methods inside Microsoft",
  booktitle     = "IFM",
  year          = "2004",
  pages         = "1--20",
  ee            = "http://springerlink.metapress.com/openurl.asp?genre=article{\&}issn=0302-9743{\&}volume=2999{\&}spage=1"
                  ,
  crossref      = "DBLP:conf/ifm/2004",
  bibsource     = "DBLP, http://dblp.uni-trier.de",
  note          = "\\\url{http://research.microsoft.com/en-us/projects/slam/}"
                  
}

@InProceedings{   babic2008calysto,
  author        = "Domagoj Babic and Alan J. Hu",
  title         = "Calysto: scalable and precise extended static checking",
  booktitle     = "ICSE",
  year          = "2008",
  pages         = "211--220",
  ee            = "http://doi.acm.org/10.1145/1368088.1368118",
  crossref      = "DBLP:conf/icse/2008",
  bibsource     = "DBLP, http://dblp.uni-trier.de"
}

@InProceedings{   beckert2004reuse,
  author        = "Bernhard Beckert and Vladimir Klebanov",
  title         = "Proof Reuse for Deductive Program Verification",
  booktitle     = "SEFM",
  year          = "2004",
  pages         = "77--86",
  ee            = "http://doi.ieeecomputersociety.org/10.1109/SEFM.2004.33",
  crossref      = "DBLP:conf/sefm/2004",
  bibsource     = "DBLP, http://dblp.uni-trier.de"
}

@InProceedings{   schwartz1984,
  author        = "Mayer D. Schwartz and Norman M. Delisle and Vimal S.
                  Begwani",
  title         = "Incremental compilation in {Magpie}",
  booktitle     = "SIGPLAN Symposium on Compiler Construction",
  year          = "1984",
  pages         = "122--131",
  ee            = "http://doi.acm.org/10.1145/502874.502887",
  crossref      = "DBLP:conf/sigplan/1984",
  bibsource     = "DBLP, http://dblp.uni-trier.de"
}

@InProceedings{   barrett2005,
  author        = "Clark W. Barrett and Leonardo Mendon\c{c}a de Moura and
                  Aaron Stump",
  title         = "{SMT-COMP}: Satisfiability Modulo Theories Competition",
  booktitle     = "CAV",
  year          = "2005",
  pages         = "20--23",
  ee            = "http://dx.doi.org/10.1007/11513988_4",
  crossref      = "DBLP:conf/cav/2005",
  bibsource     = "DBLP, http://dblp.uni-trier.de",
  note          = "\\\url{http://www.smtcomp.org/}"
}

@InProceedings{   barrett2007,
  author        = "Clark Barrett and Cesare Tinelli",
  title         = "{CVC3}",
  booktitle     = "CAV",
  year          = "2007",
  pages         = "298--302",
  ee            = "http://dx.doi.org/10.1007/978-3-540-73368-3_34",
  crossref      = "DBLP:conf/cav/2007",
  bibsource     = "DBLP, http://dblp.uni-trier.de",
  note          = "\\\url{http://www.cs.nyu.edu/acsys/cvc3/}"
}

@InProceedings{   barthe2006,
  author        = "Gilles Barthe and Lilian Burdy and Julien Charles and
                  Benjamin Gr{\'e}goire and Marieke Huisman and Jean-Louis
                  Lanet and Mariela Pavlova and Antoine Requet",
  title         = "{JACK}--A Tool for Validation of Security and Behaviour
                  of {Java} Applications",
  booktitle     = "FMCO",
  year          = "2006",
  pages         = "152--174",
  ee            = "http://dx.doi.org/10.1007/978-3-540-74792-5_7",
  crossref      = "DBLP:conf/fmco/2006",
  bibsource     = "DBLP, http://dblp.uni-trier.de",
  note          = "\\\url{http://www-sop.inria.fr/everest/soft/Jack/jack.html}"
                  
}

@InProceedings{   bofill2008barcelogic,
  author        = "Miquel Bofill and Robert Nieuwenhuis and Albert Oliveras
                  and Enric Rodr\'{\i}guez-Carbonell and Albert Rubio",
  title         = "The {Barcelogic} {SMT} Solver",
  booktitle     = "CAV",
  year          = "2008",
  pages         = "294--298",
  ee            = "http://dx.doi.org/10.1007/978-3-540-70545-1_27",
  crossref      = "DBLP:conf/cav/2008",
  bibsource     = "DBLP, http://dblp.uni-trier.de",
  note          = "\\\url{http://www.lsi.upc.es/~oliveras/bclt-main.html}"
}

@InProceedings{   bohme2008,
  author        = "Sascha B{\"o}hme and K. Rustan M. Leino and Burkhart
                  Wolff",
  title         = "{HOL-Boogie}---An Interactive Prover for the {Boogie}
                  Program-Verifier",
  booktitle     = "TPHOLs",
  year          = "2008",
  pages         = "150--166",
  ee            = "http://dx.doi.org/10.1007/978-3-540-71067-7_15",
  crossref      = "DBLP:conf/tphol/2008",
  bibsource     = "DBLP, http://dblp.uni-trier.de"
}

@InProceedings{   brummayer2009boolector,
  author        = "Robert Brummayer and Armin Biere",
  title         = "{Boolector}: An Efficient {SMT} Solver for Bit-Vectors and
                  Arrays",
  booktitle     = "TACAS",
  year          = "2009",
  pages         = "174--177",
  ee            = "http://dx.doi.org/10.1007/978-3-642-00768-2_16",
  crossref      = "DBLP:conf/tacas/2009",
  bibsource     = "DBLP, http://dblp.uni-trier.de",
  note          = "\\\url{http://fmv.jku.at/boolector/}"
}

@InProceedings{   bruttomesso2008mathsat,
  author        = "Roberto Bruttomesso and Alessandro Cimatti and Anders
                  Franz{\'e}n and Alberto Griggio and Roberto Sebastiani",
  title         = "The MathSAT 4SMT Solver",
  booktitle     = "CAV",
  year          = "2008",
  pages         = "299--303",
  ee            = "http://dx.doi.org/10.1007/978-3-540-70545-1_28",
  crossref      = "DBLP:conf/cav/2008",
  bibsource     = "DBLP, http://dblp.uni-trier.de",
  note          = "\\\url{http://mathsat.itc.it/}"
}

@InProceedings{   cimatti2002,
  author        = "Alessandro Cimatti and Edmund M. Clarke and Enrico
                  Giunchiglia and Fausto Giunchiglia and Marco Pistore and
                  Marco Roveri and Roberto Sebastiani and Armando Tacchella",
  title         = "{NuSMV} 2: An OpenSource Tool for Symbolic Model Checking",
  booktitle     = "CAV",
  year          = "2002",
  pages         = "359--364",
  ee            = "http://link.springer.de/link/service/series/0558/bibs/2404/24040359.htm"
                  ,
  crossref      = "DBLP:conf/cav/2002",
  bibsource     = "DBLP, http://dblp.uni-trier.de"
}

@InProceedings{   dijkstra1975,
  author        = "Edsger Wybe Dijkstra",
  title         = "Guarded commands, non-determinancy and a calculus for the
                  derivation of programs",
  booktitle     = "Language Hierarchies and Interfaces",
  year          = "1975",
  pages         = "111--124",
  crossref      = "DBLP:conf/ac/1975lhi",
  bibsource     = "DBLP, http://dblp.uni-trier.de"
}

@InProceedings{   filliatre2007why,
  author        = "Jean-Christophe Filli{\^a}tre and Claude March{\'e}",
  title         = "The {Why\slash Krakatoa\slash Caduceus} Platform for
                  Deductive Program Verification",
  booktitle     = "CAV",
  year          = "2007",
  pages         = "173--177",
  ee            = "http://dx.doi.org/10.1007/978-3-540-73368-3_21",
  crossref      = "DBLP:conf/cav/2007",
  bibsource     = "DBLP, http://dblp.uni-trier.de",
  note          = "\\\url{http://why.lri.fr/}"
}

@InProceedings{   findbugs,
  author        = "David Hovemeyer and William Pugh",
  title         = "Finding bugs is easy",
  booktitle     = "OOPSLA Companion",
  year          = "2004",
  pages         = "132--136",
  ee            = "http://doi.acm.org/10.1145/1028664.1028717",
  crossref      = "DBLP:conf/oopsla/2004",
  bibsource     = "DBLP, http://dblp.uni-trier.de"
}

@InProceedings{   marti2006,
  author        = "Nicolas Marti and Reynald Affeldt and Akinori Yonezawa",
  title         = "Formal Verification of the Heap Manager of an Operating
                  System Using Separation Logic",
  booktitle     = "ICFEM",
  year          = "2006",
  pages         = "400--419",
  ee            = "http://dx.doi.org/10.1007/11901433_22",
  crossref      = "DBLP:conf/icfem/2006",
  bibsource     = "DBLP, http://dblp.uni-trier.de"
}

@InProceedings{   moskal2008proofs,
  author        = "Micha{\l} Moskal",
  title         = "Rocket-Fast Proof Checking for {SMT} Solvers",
  booktitle     = "TACAS",
  year          = "2008",
  pages         = "486--500",
  ee            = "http://dx.doi.org/10.1007/978-3-540-78800-3_38",
  crossref      = "DBLP:conf/tacas/2008",
  bibsource     = "DBLP, http://dblp.uni-trier.de"
}

@InProceedings{   moura2008z3,
  author        = "Leonardo Mendon\c{c}a de Moura and Nikolaj Bj{\o}rner",
  title         = "{Z3}: An Efficient {SMT} Solver",
  booktitle     = "TACAS",
  year          = "2008",
  pages         = "337--340",
  ee            = "http://dx.doi.org/10.1007/978-3-540-78800-3_24",
  crossref      = "DBLP:conf/tacas/2008",
  bibsource     = "DBLP, http://dblp.uni-trier.de",
  note          = "\\\url{http://research.microsoft.com/en-us/um/redmond/projects/z3/index.html}"
                  
}

@InProceedings{   owre1992,
  author        = "Sam Owre and John M. Rushby and Natarajan Shankar",
  title         = "{PVS}: A Prototype Verification System",
  booktitle     = "CADE",
  year          = "1992",
  pages         = "748-752",
  ee            = "http://dx.doi.org/10.1007/3-540-55602-8_217",
  crossref      = "DBLP:conf/cade/1992",
  bibsource     = "DBLP, http://dblp.uni-trier.de"
}

@InProceedings{   robby2003,
  author        = "Robby and Matthew B. Dwyer and John Hatcliff",
  title         = "Bogor: an extensible and highly-modular software model
                  checking framework",
  booktitle     = "ESEC / SIGSOFT FSE",
  year          = "2003",
  pages         = "267--276",
  ee            = "http://doi.acm.org/10.1145/940071.940107",
  crossref      = "DBLP:conf/sigsoft/2003",
  bibsource     = "DBLP, http://dblp.uni-trier.de"
}

@InProceedings{   rutar2004,
  author        = "Nick Rutar and Christian B. Almazan and Jeffrey S. Foster",
  title         = "A Comparison of Bug Finding Tools for {Java}",
  booktitle     = "ISSRE",
  year          = "2004",
  pages         = "245--256",
  ee            = "http://doi.ieeecomputersociety.org/10.1109/ISSRE.2004.1",
  crossref      = "DBLP:conf/issre/2004",
  bibsource     = "DBLP, http://dblp.uni-trier.de"
}

@InProceedings{   soot,
  author        = "Raja Vall{\'e}e-Rai and Phong Co and Etienne Gagnon and
                  Laurie J. Hendren and Patrick Lam and Vijay Sundaresan",
  title         = "{Soot}---a {Java} bytecode optimization framework",
  booktitle     = "CASCON",
  year          = "1999",
  pages         = "13",
  ee            = "http://doi.acm.org/10.1145/781995.782008",
  crossref      = "DBLP:conf/cascon/1999",
  bibsource     = "DBLP, http://dblp.uni-trier.de"
}

@InProceedings{   banerjee2008,
  author        = "Anindya Banerjee and Michael Barnett and David A. Naumann",
  title         = "{Boogie} Meets Regions: A Verification Experience Report",
  booktitle     = "VSTTE",
  year          = "2008",
  pages         = "177--191",
  ee            = "http://dx.doi.org/10.1007/978-3-540-87873-5_16",
  crossref      = "DBLP:conf/vstte/2008",
  bibsource     = "DBLP, http://dblp.uni-trier.de"
}

@InProceedings{   barnett2005boogie,
  author        = "Michael Barnett and Bor-Yuh Evan Chang and Robert DeLine
                  and Bart Jacobs and K. Rustan M. Leino",
  title         = "{Boogie}: A Modular Reusable Verifier for Object-Oriented
                  Programs",
  booktitle     = "FMCO",
  year          = "2005",
  pages         = "364--387",
  ee            = "http://dx.doi.org/10.1007/11804192_17",
  crossref      = "DBLP:conf/fmco/2005",
  bibsource     = "DBLP, http://dblp.uni-trier.de",
  note = "\url{http://boogie.codeplex.com/}"
}

@InProceedings{   barnett2005wpu,
  author        = "Michael Barnett and K. Rustan M. Leino",
  title         = "Weakest-precondition of unstructured programs",
  booktitle     = "PASTE",
  year          = "2005",
  pages         = "82--87",
  ee            = "http://doi.acm.org/10.1145/1108792.1108813",
  crossref      = "DBLP:conf/paste/2005",
  bibsource     = "DBLP, http://dblp.uni-trier.de"
}

@InProceedings{   cohen2009,
  author        = "Ernie Cohen and Markus Dahlweid and Mark A. Hillebrand and
                  Dirk Leinenbach and Micha{\l} Moskal and Thomas Santen and
                  Wolfram Schulte and Stephan Tobies",
  title         = "{VCC}: A Practical System for Verifying Concurrent {C}",
  booktitle     = "TPHOLs",
  year          = "2009",
  pages         = "23--42",
  ee            = "http://dx.doi.org/10.1007/978-3-642-03359-9_2",
  crossref      = "DBLP:conf/tphol/2009",
  bibsource     = "DBLP, http://dblp.uni-trier.de"
}

@InProceedings{   cok2004,
  author        = "David R. Cok and Joseph Kiniry",
  title         = "ESC/Java2: Uniting ESC/Java and JML",
  booktitle     = "CASSIS",
  year          = "2004",
  pages         = "108--128",
  ee            = "http://springerlink.metapress.com/openurl.asp?genre=article{\&}issn=0302-9743{\&}volume=3362{\&}spage=108"
                  ,
  crossref      = "DBLP:conf/cassis/2004",
  bibsource     = "DBLP, http://dblp.uni-trier.de"
}

@InProceedings{   lahiri2006,
  author        = "Shuvendu K. Lahiri and Shaz Qadeer",
  title         = "Verifying properties of well-founded linked lists",
  booktitle     = "POPL",
  year          = "2006",
  pages         = "115--126",
  ee            = "http://doi.acm.org/10.1145/1111037.1111048",
  crossref      = "DBLP:conf/popl/2006",
  bibsource     = "DBLP, http://dblp.uni-trier.de",
  note          = "\\\url{http://research.microsoft.com/en-us/projects/havoc}"
                  
}

@InProceedings{   benton2004,
  author        = "Nick Benton",
  title         = "Simple relational correctness proofs for static analyses
                  and program transformations",
  booktitle     = "POPL",
  year          = "2004",
  pages         = "14--25",
  ee            = "http://doi.acm.org/10.1145/964001.964003",
  crossref      = "DBLP:conf/popl/2004",
  bibsource     = "DBLP, http://dblp.uni-trier.de"
}

@InProceedings{   berg2001,
  author        = "Joachim van den Berg and Bart Jacobs",
  title         = "The {LOOP} Compiler for {Java} and {JML}",
  booktitle     = "TACAS",
  year          = "2001",
  pages         = "299--312",
  ee            = "http://link.springer.de/link/service/series/0558/bibs/2031/20310299.htm"
                  ,
  crossref      = "DBLP:conf/tacas/2001",
  bibsource     = "DBLP, http://dblp.uni-trier.de",
  note          = "Tool not available online."
}

@InProceedings{   hoenicke2009,
  author        = "Jochen Hoenicke and K. Rustan M. Leino and Andreas
                  Podelski and Martin Sch{\"a}f and Thomas Wies",
  title         = "It's Doomed; We Can Prove It",
  booktitle     = "FM",
  year          = "2009",
  pages         = "338--353",
  ee            = "http://dx.doi.org/10.1007/978-3-642-05089-3_22",
  crossref      = "DBLP:conf/fm/2009",
  bibsource     = "DBLP, http://dblp.uni-trier.de"
}

@InProceedings{   cook1971,
  author        = "Stephen A. Cook",
  title         = "The Complexity of Theorem-Proving Procedures",
  booktitle     = "STOC",
  year          = "1971",
  pages         = "151--158",
  crossref      = "DBLP:conf/stoc/STOC3",
  bibsource     = "DBLP, http://dblp.uni-trier.de"
}

@InProceedings{   janota2009clops,
  author        = "Mikol{\'a}\v{s} Janota and Fintan Fairmichael and Viliam
                  Holub and Radu Grigore and Julien Charles and Dermot
                  Cochran and Joseph R. Kiniry",
  title         = "{CLOPS}: A {DSL} for Command Line Options",
  booktitle     = "DSL",
  year          = "2009",
  pages         = "187--210",
  ee            = "http://dx.doi.org/10.1007/978-3-642-03034-5_10",
  crossref      = "DBLP:conf/dsl/2009",
  bibsource     = "DBLP, http://dblp.uni-trier.de"
}

@inproceedings{janota2007,
  author    = {Mikol{\'a}s Janota and
               Radu Grigore and
               Michal Moskal},
  title     = {Reachability analysis for annotated code},
  booktitle = {SAVCBS},
  year      = {2007},
  pages     = {23--30},
  ee        = {http://doi.acm.org/10.1145/1292316.1292319},
  crossref  = {DBLP:conf/sigsoft/2007savcbs},
  bibsource = {DBLP, http://dblp.uni-trier.de}
}

@proceedings{DBLP:conf/sigsoft/2007savcbs,
  editor    = {Arnd Poetzsch-Heffter},
  title     = {Proceedings of the 2007 Conference Specification and Verification
               of Component-Based Systems, SAVCBS 2007, Dubrovnik, Croatia,
               September 3--4, 2007},
  booktitle = {SAVCBS},
  publisher = {ACM},
  year      = {2007},
  isbn      = {978-1-59593-721-6},
  bibsource = {DBLP, http://dblp.uni-trier.de}
}

@InProceedings{   leino2009methods,
  author        = "K. Rustan M. Leino and Ronald Middelkoop",
  title         = "Proving Consistency of Pure Methods and Model Fields",
  booktitle     = "FASE",
  year          = "2009",
  pages         = "231--245",
  ee            = "http://dx.doi.org/10.1007/978-3-642-00593-0_16",
  crossref      = "DBLP:conf/fase/2009",
  bibsource     = "DBLP, http://dblp.uni-trier.de"
}

@InProceedings{   reynolds2002,
  author        = "John C. Reynolds",
  title         = "Separation Logic: A Logic for Shared Mutable Data
                  Structures",
  booktitle     = "LICS",
  year          = "2002",
  pages         = "55--74",
  ee            = "http://doi.ieeecomputersociety.org/10.1109/LICS.2002.1029817"
                  ,
  crossref      = "DBLP:conf/lics/2002",
  bibsource     = "DBLP, http://dblp.uni-trier.de"
}

@InProceedings{   rudich2008,
  author        = "Arsenii Rudich and {\'A}d{\'a}m Darvas and Peter
                  M{\"u}ller",
  title         = "Checking Well-Formedness of Pure-Method Specifications",
  booktitle     = "FM",
  year          = "2008",
  pages         = "68--83",
  ee            = "http://dx.doi.org/10.1007/978-3-540-68237-0_7",
  crossref      = "DBLP:conf/fm/2008",
  bibsource     = "DBLP, http://dblp.uni-trier.de"
}

@InProceedings{   waldo2006,
  author        = "Jim Waldo",
  title         = "On system design",
  booktitle     = "OOPSLA",
  year          = "2006",
  pages         = "467--480",
  ee            = "http://doi.acm.org/10.1145/1167473.1167513",
  crossref      = "DBLP:conf/oopsla/2006",
  bibsource     = "DBLP, http://dblp.uni-trier.de"
}

@InProceedings{   pnueli1998tv,
  author        = "Amir Pnueli and Michael Siegel and Eli Singerman",
  title         = "Translation Validation",
  booktitle     = "TACAS",
  year          = "1998",
  pages         = "151--166",
  ee            = "http://link.springer.de/link/service/series/0558/bibs/1384/13840151.htm"
                  ,
  crossref      = "DBLP:conf/tacas/1998",
  bibsource     = "DBLP, http://dblp.uni-trier.de"
}

@InProceedings{   filliatre2006hash,
  author        = "Jean-Christophe Filli{\^a}tre and Sylvain Conchon",
  title         = "Type-safe modular hash-consing",
  booktitle     = "ML",
  year          = "2006",
  pages         = "12--19",
  ee            = "http://doi.acm.org/10.1145/1159876.1159880",
  crossref      = "DBLP:conf/ml/2006",
  bibsource     = "DBLP, http://dblp.uni-trier.de"
}

@InProceedings{   hoover2006,
  author        = "Charles Hoover",
  title         = "A methodology for determining response time baselines",
  booktitle     = "Int. CMG Conference",
  year          = "2006",
  pages         = "85--94",
  crossref      = "DBLP:conf/cmg/2006",
  bibsource     = "DBLP, http://dblp.uni-trier.de"
}

@InProceedings{   henzinger2003extreme,
  author        = "Thomas A. Henzinger and Ranjit Jhala and Rupak Majumdar
                  and Marco A. A. Sanvido",
  title         = "Extreme Model Checking",
  booktitle     = "Verification: Theory and Practice",
  year          = "2003",
  pages         = "332--358",
  ee            = "http://springerlink.metapress.com/openurl.asp?genre=article{\&}issn=0302-9743{\&}volume=2772{\&}spage=332"
                  ,
  crossref      = "DBLP:conf/birthday/2003manna",
  bibsource     = "DBLP, http://dblp.uni-trier.de"
}

@InProceedings{   distefano2008jstar,
  author        = "Dino Distefano and Matthew J. Parkinson",
  title         = "{jStar}: towards practical verification for {Java}",
  booktitle     = "OOPSLA",
  year          = "2008",
  pages         = "213--226",
  ee            = "http://doi.acm.org/10.1145/1449764.1449782",
  crossref      = "DBLP:conf/oopsla/2008",
  bibsource     = "DBLP, http://dblp.uni-trier.de"
}

@InProceedings{   leino2010boogie,
  author        = "K. Rustan M. Leino and Philipp R{\"u}mmer",
  title         = "A Polymorphic Intermediate Verification Language: Design
                  and Logical Encoding",
  booktitle     = "TACAS",
  year          = "2010",
  pages         = "312--327",
  ee            = "http://dx.doi.org/10.1007/978-3-642-12002-2_26",
  crossref      = "DBLP:conf/tacas/2010",
  bibsource     = "DBLP, http://dblp.uni-trier.de"
}

@InProceedings{   summers2010,
  author        = "Alexander J. Summers and Sophia Drossopoulou",
  title         = "Considerate Reasoning and the {Composite} Design Pattern",
  booktitle     = "VMCAI",
  year          = "2010",
  pages         = "328--344",
  ee            = "http://dx.doi.org/10.1007/978-3-642-11319-2_24",
  crossref      = "DBLP:conf/vmcai/2010",
  bibsource     = "DBLP, http://dblp.uni-trier.de"
}

@InProceedings{   remy2000,
  author        = "Didier R{\'e}my",
  title         = "Using, Understanding, and Unraveling the {OCaml} Language.
                  From Practice to Theory and Vice Versa",
  booktitle     = "APPSEM",
  year          = "2000",
  pages         = "413--536",
  ee            = "http://link.springer.de/link/service/series/0558/bibs/2395/23950413.htm"
                  ,
  crossref      = "DBLP:conf/ac/2000appsem",
  bibsource     = "DBLP, http://dblp.uni-trier.de"
}

@Conference{      chalin2006,
  title         = "Early detection of {JML} specification errors using
                  {ESC/Java2}",
  author        = "Patrice Chalin",
  booktitle     = "Proceedings of the 2006 conference on Specification and
                  verification of component-based systems",
  pages         = "32",
  year          = "2006",
  organization  = "ACM"
}

@Article{         georgiadis2006,
  author        = "Loukas Georgiadis and Robert Endre Tarjan and Renato
                  Fonseca F. Werneck",
  title         = "Finding Dominators in Practice",
  journal       = "J. Graph Algorithms Appl.",
  volume        = "10",
  number        = "1",
  year          = "2006",
  pages         = "69--94",
  ee            = "http://jgaa.info/accepted/2006/GeorgiadisTarjanWerneck2006.10.1.pdf"
                  ,
  bibsource     = "DBLP, http://dblp.uni-trier.de"
}

@Article{         buchsbaum2008,
  author        = "Adam L. Buchsbaum and Loukas Georgiadis and Haim Kaplan
                  and Anne Rogers and Robert Endre Tarjan and Jeffery
                  Westbrook",
  title         = "Linear-Time Algorithms for Dominators and Other
                  Path-Evaluation Problems",
  journal       = "SIAM J. Comput.",
  volume        = "38",
  number        = "4",
  year          = "2008",
  pages         = "1533-1573",
  ee            = "http://dx.doi.org/10.1137/070693217",
  bibsource     = "DBLP, http://dblp.uni-trier.de"
}

@Book{            graham1998,
  author        = "Ronald L. Graham and Donald Ervin Knuth and Oren Patashnik",
  title         = "Concrete Mathematics",
  publisher     = "Adison--Wesley",
  year          = "1998"
}

@Article{         darvas2006methods,
  author        = "{\'A}d{\'a}m Darvas and Peter M{\"u}ller",
  title         = "Reasoning About Method Calls in Interface Specifications",
  journal       = "Journal of Object Technology",
  volume        = "5",
  number        = "5",
  year          = "2006",
  pages         = "59--85",
  ee            = "http://www.jot.fm/issues/issue_2006_06/article3",
  bibsource     = "DBLP, http://dblp.uni-trier.de"
}

@Article{         lermer2003,
  author        = "Karl Lermer and Colin J. Fidge and Ian J. Hayes",
  title         = "Formal Semantics for Program Paths",
  journal       = "Electr. Notes Theor. Comput. Sci.",
  volume        = "78",
  year          = "2003",
  ee            = {http://www1.elsevier.com/gej-ng/31/29/23/134/23/show/Products/notes/index.htt\#006}
                  ,
  bibsource     = "DBLP, http://dblp.uni-trier.de"
}

@InProceedings{   winkler1990,
  author        = "William E. Winkler",
  title         = "String Comparator Metrics and Enchanced Decision Rules in
                  the {Fellegi--Sunter} Model of Record Linkage",
  booktitle     = "Proceedings of the Section on Survey Research Methods",
  year          = "1990",
  organization  = "American Statistical Association"
}

@Article{         levenshtein1966,
  author        = "Vladimir I. Levenshtein",
  title         = "Binary Codes Capable of Correcting Deletions, Insertions,
                  and Reversals",
  journal       = "Cybernetics and Control Theory",
  year          = "1966",
  volume        = "10",
  number        = "8",
  pages         = "707--710",
  month         = "February"
}

@Book{            markov2007,
  author        = "Zdravko Markov and Daniel T. Larose",
  title         = "Data mining the {Web}: uncovering patterns in {Web}
                  content, structure, and usage",
  publisher     = "Wiley-Interscience",
  year          = "2007"
}

@Article{         dice1945,
  author        = "Lee R. Dice",
  title         = "Measures of the Amount of Ecologic Association Between
                  Species",
  journal       = "Ecological Society of America",
  year          = "1945",
  volume        = "26",
  number        = "3",
  pages         = "297--302",
  month         = "July"
}

@Article{         hamming1950,
  author        = "Richard Wesley Hamming",
  title         = "Error Detecting and Error Correcting Codes",
  journal       = "The {Bell} System Technical Journal",
  year          = "1950",
  volume        = "24",
  number        = "2",
  month         = "April"
}

@Article{         leino2005errors,
  author        = "K. Rustan M. Leino and Todd D. Millstein and James B.
                  Saxe",
  title         = "Generating error traces from verification-condition
                  counterexamples",
  journal       = "Sci. Comput. Program.",
  volume        = "55",
  number        = "1--3",
  year          = "2005",
  pages         = "209--226",
  ee            = "http://dx.doi.org/10.1016/j.scico.2004.05.016",
  bibsource     = "DBLP, http://dblp.uni-trier.de"
}

@InProceedings{   lin2000,
  author        = "Fangzhen Lin",
  title         = "On Strongest Necessary and Weakest Sufficient Conditions",
  booktitle     = "KR",
  year          = "2000",
  pages         = "167--175",
  bibsource     = "DBLP, http://dblp.uni-trier.de"
}

@Article{         hunt1977,
  author        = "James W. Hunt and Thomas G. Szymanski",
  title         = "A Fast Algorithm for Computing Longest Subsequences",
  journal       = "Commun. ACM",
  volume        = "20",
  number        = "5",
  year          = "1977",
  pages         = "350--353",
  bibsource     = "DBLP, http://dblp.uni-trier.de"
}

@Article{         leino2005ewp,
  author        = "K. Rustan M. Leino",
  title         = "Efficient weakest preconditions",
  journal       = "Inf. Process. Lett.",
  volume        = "93",
  number        = "6",
  year          = "2005",
  pages         = "281--288",
  ee            = "http://dx.doi.org/10.1016/j.ipl.2004.10.015",
  bibsource     = "DBLP, http://dblp.uni-trier.de"
}

@InProceedings{   flanagan2002pa,
  author        = "Flanagan,, Cormac and Qadeer,, Shaz",
  title         = "Predicate abstraction for software verification",
  booktitle     = "Proceedings of the 29th ACM SIGPLAN-SIGACT symposium on
                  Principles of programming languages",
  year          = "2002",
  isbn          = "1-58113-450-9",
  pages         = "191--202",
  location      = "Portland, Oregon",
  doi           = "http://doi.acm.org/10.1145/503272.503291",
  publisher     = "ACM",
  address       = "New York, NY, USA"
}

@Article{         veb1977,
  author        = "Peter van Emde Boas and R. Kaas and E. Zijlstra",
  title         = "Design and Implementation of an Efficient Priority Queue",
  journal       = "Mathematical Systems Theory",
  volume        = "10",
  year          = "1977",
  pages         = "99--127",
  bibsource     = "DBLP, http://dblp.uni-trier.de"
}

@Article{         hopcroft1973matching,
  author        = "John E. Hopcroft and Richard M. Karp",
  title         = "An $n^{5/2}$ Algorithm for Maximum Matchings in Bipartite
                  Graphs",
  journal       = "SIAM J. Comput.",
  volume        = "2",
  number        = "4",
  year          = "1973",
  pages         = "225--231",
  bibsource     = "DBLP, http://dblp.uni-trier.de"
}

@Article{         harvey2009matching,
  author        = "Nicholas J. A. Harvey",
  title         = "Algebraic Algorithms for Matching and Matroid Problems",
  journal       = "SIAM J. Comput.",
  volume        = "39",
  number        = "2",
  year          = "2009",
  pages         = "679--702",
  ee            = "http://dx.doi.org/10.1137/070684008",
  bibsource     = "DBLP, http://dblp.uni-trier.de"
}

@Misc{            boogiebench,
  author        = "The {Spec$^\sharp$} Project, Microsoft",
  title         = "The {Boogie} Benchmarks",
  month         = "October",
  year          = "2006",
  note          = "\\\url{http://research.microsoft.com/en-us/projects/specsharp/}"
                  
}

@Misc{            cooper2000,
  author        = "Keith D. Cooper and Timothy J. Harvey and Ken Kennedy",
  title         = "A Simple, Fast Dominance Algorithm",
  howpublished  = "\\\url{http://www.cs.rice.edu/~keith/EMBED/dom.pdf}",
  year          = "2000"
}

@Misc{            peyton-htwgrp,
  author        = "Simon Peyton-Jones",
  title         = "How to Write a Good Research Paper",
  howpublished  = "\\\url{http://research.microsoft.com/en-us/um/people/simonpj/papers/giving-a-talk/writing-a-paper-slides.pdf}"
                  
}

@Article{         karp1972,
  title         = "Reducibility among combinatorial problems",
  author        = "Richard M. Karp",
  journal       = "Complexity of computer computations",
  volume        = "43",
  pages         = "85--103",
  year          = "1972",
  publisher     = "New York"
}

@Article{         king1976,
  author        = "James C. King",
  title         = "Symbolic Execution and Program Testing",
  journal       = "Commun. ACM",
  volume        = "19",
  number        = "7",
  year          = "1976",
  pages         = "385--394",
  bibsource     = "DBLP, http://dblp.uni-trier.de"
}

@InProceedings{   knuth1993sgb,
  author        = "Donald Ervin Knuth",
  title         = "The {Stanford} {GraphBase}: A Platform for Combinatorial
                  Algorithms",
  booktitle     = "SODA",
  year          = "1993",
  pages         = "41--43",
  ee            = "http://doi.acm.org/10.1145/313559.313609",
  bibsource     = "DBLP, http://dblp.uni-trier.de"
}

@Article{         knuth1974np,
  title         = "Postscript about {NP}-hard problems",
  author        = "Donald Ervin Knuth",
  journal       = "SIGACT News",
  volume        = "6",
  number        = "2",
  pages         = "15--16",
  year = "1974"
}

@Article{         burdy2005jml,
  author        = "Lilian Burdy and Yoonsik Cheon and David R. Cok and
                  Michael D. Ernst and Joseph R. Kiniry and Gary T. Leavens
                  and K. Rustan M. Leino and Erik Poll",
  title         = "An overview of {JML} tools and applications",
  journal       = "STTT",
  volume        = "7",
  number        = "3",
  year          = "2005",
  pages         = "212--232",
  ee            = "http://dx.doi.org/10.1007/s10009-004-0167-4",
  bibsource     = "DBLP, http://dblp.uni-trier.de"
}

@InProceedings{   grigore2009spu,
  author        = "Radu Grigore and Julein Charles and Fintan Fairmichael and
                  Joseph Kiniry",
  title         = "Strongest postcondition of unstructured programs",
  booktitle     = "Formal Techniques for Java-like Programs",
  year          = "2009",
  isbn          = "978-1-60558-540-6",
  location      = "Genova, Italy",
  pages         = "6:1--6:7",
  articleno     = "6",
  numpages      = "7",
  url           = "http://portal.acm.org/citation.cfm?id=1557898.1557904",
  doi           = "10.1145/1557898.1557904",
  acmid         = "1557904",
  publisher     = "ACM",
  address       = "New York, NY, USA",
  keywords      = "algorithms, efficiency, verification condition generation"
}

@Book{            goldreich2008,
  author        = "Oded Goldreich",
  title         = "Computational complexity: a conceptual perspective",
  publisher     = "Cambridge University Press",
  year          = "2008"
}

@Article{         fredkin1960trie,
  author        = "Edward Fredkin",
  title         = "Trie memory",
  journal       = "Commun. ACM",
  volume        = "3",
  issue         = "9",
  month         = "September",
  year          = "1960",
  issn          = "0001-0782",
  pages         = "490--499",
  numpages      = "10",
  url           = "http://portal.acm.org/citation.cfm?id=367390.367400",
  doi           = "10.1145/367390.367400",
  acmid         = "367400",
  publisher     = "ACM",
  address       = "New York, NY, USA"
}

@Book{            golumbic2004,
  author        = "Martin Charles Golumbic",
  title         = "Algorithmic graph theory and perfect graphs",
  publisher     = "Elsevier",
  year          = "2004",
  edition       = "second"
}

@Proceedings{     dblp:conf/oopsla/2008,
  editor        = "Gail E. Harris",
  title         = "Proceedings of the 23rd Annual ACM SIGPLAN Conference on
                  Object-Oriented Programming, Systems, Languages, and
                  Applications, OOPSLA 2008, October 19--23, 2008, Nashville,
                  TN, USA",
  booktitle     = "OOPSLA",
  publisher     = "ACM",
  year          = "2008",
  isbn          = "978-1-60558-215-3",
  bibsource     = "DBLP, http://dblp.uni-trier.de"
}

@Article{         haack2009,
  author        = "Christian Haack and Cl{\'e}ment Hurlin",
  title         = "Resource Usage Protocols for Iterators",
  journal       = "Journal of Object Technology",
  volume        = "8",
  number        = "4",
  year          = "2009",
  pages         = "55--83",
  ee            = "http://www.jot.fm/issues/issue_2009_06/article3.pdf",
  bibsource     = "DBLP, http://dblp.uni-trier.de"
}

@Proceedings{     dblp:conf/vmcai/2010,
  editor        = "Gilles Barthe and Manuel V. Hermenegildo",
  title         = "Verification, Model Checking, and Abstract Interpretation,
                  11th International Conference, VMCAI 2010, Madrid, Spain,
                  January 17--19, 2010. Proceedings",
  booktitle     = "VMCAI",
  publisher     = "Springer",
  series        = "Lecture Notes in Computer Science",
  volume        = "5944",
  year          = "2010",
  isbn          = "978-3-642-11318-5",
  ee            = "http://dx.doi.org/10.1007/978-3-642-11319-2",
  bibsource     = "DBLP, http://dblp.uni-trier.de"
}

@Misc{            bison,
  title         = "Bison homepage",
  howpublished  = "\\\url{http://www.gnu.org/software/bison/}"
}

@Article{         parr1995,
  author        = "Terence John Parr and Russell W. Quong",
  title         = "{ANTLR}: A Predicated-$\mathrm{LL}(k)$ Parser Generator",
  journal       = "Softw., Pract. Exper.",
  volume        = "25",
  number        = "7",
  year          = "1995",
  pages         = "789--810",
  bibsource     = "DBLP, http://dblp.uni-trier.de"
}

@Proceedings{     dblp:conf/cmg/2006,
  title         = "32nd International Computer Measurement Group Conference,
                  December 3--6, 2006, Reno, Nevada, USA, Proceedings",
  booktitle     = "Int. CMG Conference",
  publisher     = "Computer Measurement Group",
  year          = "2006",
  bibsource     = "DBLP, http://dblp.uni-trier.de"
}

@Misc{            sateen,
  title         = "{SatEEn} homepage",
  howpublished  = "\\\url{http://vlsi.colorado.edu/~hhkim/sateen/}"
}

@Misc{            fx7,
  title         = "Fx7 homepage",
  howpublished  = "\\\url{http://nemerle.org/~malekith/smt/en.html}"
}

@TechReport{      ranise2006smtlang,
  author        = "Silvio Ranise and Cesare Tinelli",
  title         = "The {SMT-LIB} Standard: Version 1.2",
  institution   = "Department of Computer Science, The University of Iowa",
  year          = 2006,
  note          = "\\\url{http://www.smt-lib.org}"
}

@Article{         vanbroekhoven2007,
  author        = "Peter Vanbroekhoven and Gerda Janssens and Maurice
                  Bruynooghe and Francky Catthoor",
  title         = "A practical dynamic single assignment transformation",
  journal       = "ACM Trans. Design Autom. Electr. Syst.",
  volume        = "12",
  number        = "4",
  year          = "2007",
  ee            = "http://doi.acm.org/10.1145/1278349.1278353",
  bibsource     = "DBLP, http://dblp.uni-trier.de"
}

@InProceedings{   vogels2010,
  author        = "Vogels, Fr\'ed\'eric and Jacobs, Bart and Piessens, Frank",
  title         = "A machine-checked soundness proof for an efficient
                  verification condition generator",
  booktitle     = "Proceedings of the 2010 ACM symposium on Applied
                  Computing",
  year          = "2010",
  location      = "Sierre, Switzerland",
  note          = "To appear"
}

@Misc{            ranise2009smtlib,
  author        = "Clark Barrett and Silvio Ranise and Aaron Stump and Cesare
                  Tinelli",
  title         = "The Satisfiability Modulo Theories Library ({SMT-LIB})",
  howpublished  = "\\\url{http://www.smt-lib.org/}",
  year          = 2009
}

@Misc{            yices,
  title         = "Yices homepage",
  howpublished  = "\\\url{http://yices.csl.sri.com/index.shtml}"
}

@Misc{            bray2006xml,
  author        = "Tim Bray and Jean Paoli and C. M. Sperberg-McQueen and Eve
                  Maler and Fran\c{c}ois Yergeau and John Cowan",
  title         = "Extensible Markup Language (XML) 1.1",
  howpublished  = "\\\url{http://www.w3.org/TR/xml11/}"
}

@Book{            aho2007,
  title         = "Compilers Principles, Techniques, and Tools",
  author        = "Alfred V. Aho and Monica S. Lam and Ravi Sethi and Jeffrey
                  D. Ullman",
  publisher     = "Addison--Wesley",
  year          = "2007"
}

@Article{         moore1989cc,
  author        = "J. Strother Moore",
  title         = "A Mechanically Verified Language Implementation",
  journal       = "J. Autom. Reasoning",
  volume        = "5",
  number        = "4",
  year          = "1989",
  pages         = "461--492",
  bibsource     = "DBLP, http://dblp.uni-trier.de"
}

@Misc{            google-collect,
  title         = "{Google} Collections Library",
  howpublished  = "\\\url{http://code.google.com/p/google-collections/}"
}

@Book{            steenrod1973,
  title         = "How to Write Mathematics",
  author        = "Norman E. Steenrod and Paul R. Halmos and Menahem M.
                  Schiffer and Jean A. Dieudonne",
  publisher     = "American Mathematical Society",
  year          = "1973"
}

@InProceedings{   ellson2001,
  author        = "John Ellson and Emden R. Gansner and Eleftherios
                  Koutsofios and Stephen C. North and Gordon Woodhull",
  title         = "{GraphViz}---Open Source Graph Drawing Tools",
  booktitle     = "Graph Drawing",
  year          = "2001",
  pages         = "483--484",
  ee            = "http://link.springer.de/link/service/series/0558/bibs/2265/22650483.htm"
                  ,
  bibsource     = "DBLP, http://dblp.uni-trier.de"
}

@Book{            gamma1995,
  author        = "Erich Gamma and Richard Helm and Ralph Johnson and John
                  Vlissides",
  title         = "Design Patterns: Elements of Reusable Object-Oriented
                  Software",
  publisher     = "Adison--Wesley",
  year          = "1995"
}

@Misc{            acl2,
  title         = "{ACL2} homepage",
  howpublished  = "\\\url{http://www.cs.utexas.edu/users/moore/acl2/}"
}

@Book{            acl2book,
  editor        = "Matt Kaufmann and Panagiotis Manolios and J Strother
                  Moore",
  title         = "Computer-aided reasoning: {ACL2} case studies",
  publisher     = "Springer",
  year          = "2000"
}

@Article{         tai1979,
  author        = "Kuo-Chung Tai",
  title         = "The Tree-to-Tree Correction Problem",
  journal       = "J. ACM",
  volume        = "26",
  number        = "3",
  year          = "1979",
  pages         = "422--433",
  ee            = "db/journals/jacm/Tai79.html,
                  http://doi.acm.org/10.1145/322139.322143",
  bibsource     = "DBLP, http://dblp.uni-trier.de"
}

@Article{         bille2005,
  author        = "Philip Bille",
  title         = "A survey on tree edit distance and related problems",
  journal       = "Theor. Comput. Sci.",
  volume        = "337",
  number        = "1--3",
  year          = "2005",
  pages         = "217--239",
  ee            = "http://dx.doi.org/10.1016/j.tcs.2004.12.030",
  bibsource     = "DBLP, http://dblp.uni-trier.de"
}

@Article{         demaine2009tree,
  author        = "Erik D. Demaine and Shay Mozes and Benjamin Rossman and
                  Oren Weimann",
  title         = "An optimal decomposition algorithm for tree edit distance",
  journal       = "ACM Transactions on Algorithms",
  volume        = "6",
  number        = "1",
  year          = "2009",
  ee            = "http://doi.acm.org/10.1145/1644015.1644017",
  bibsource     = "DBLP, http://dblp.uni-trier.de"
}

@Article{         barnett2005spec,
  title         = "The {Spec$^\sharp$} programming system: An overview",
  author        = "Mike Barnett and K. Rustan M. Leino and Wolfram Schulte",
  journal       = "Lecture Notes in Computer Science",
  volume        = "3362",
  pages         = "49--69",
  year          = "2005",
  publisher     = "Springer",
  note = "\\\url{http://specsharp.codeplex.com/}"
}

@InProceedings{barrett2010lang,
  author =   {Clark Barrett and Aaron Stump and Cesare Tinelli},
  title =  {{The SMT-LIB Standard: Version 2.0}},
  year =   2010,
  booktitle =  {Proceedings of the 8th International Workshop on
                  Satisfiability Modulo Theories (Edinburgh, England)},
  editor =   {A.~Gupta and D.~Kroening},
}


@InProceedings{   chambers1994mm,
  author        = "Craig Chambers and Gary T. Leavens",
  title         = "Typechecking and Modules for Multi-Methods",
  booktitle     = "OOPSLA",
  year          = "1994",
  pages         = "1--15",
  bibsource     = "DBLP, http://dblp.uni-trier.de"
}

@Article{         clifton2006,
  author        = "Curtis Clifton and Todd D. Millstein and Gary T. Leavens
                  and Craig Chambers",
  title         = "{MultiJava}: Design rationale, compiler implementation, and
                  applications",
  journal       = "ACM Trans. Program. Lang. Syst.",
  volume        = "28",
  number        = "3",
  year          = "2006",
  pages         = "517--575",
  ee            = "http://doi.acm.org/10.1145/1133651.1133655",
  bibsource     = "DBLP, http://dblp.uni-trier.de"
}

@Article{         detlefs2005,
  author        = "David Detlefs and Greg Nelson and James B. Saxe",
  title         = "Simplify: a theorem prover for program checking",
  journal       = "J. ACM",
  volume        = "52",
  number        = "3",
  year          = "2005",
  pages         = "365--473",
  ee            = "http://doi.acm.org/10.1145/1066100.1066102",
  bibsource     = "DBLP, http://dblp.uni-trier.de"
}

@Article{         ershov1958,
  author        = "Andrei P. Ershov",
  title         = "On Programming of Arithmetic Operations",
  journal       = "Commun. ACM",
  volume        = "1",
  number        = "8",
  year          = "1958",
  pages         = "3--9",
  bibsource     = "DBLP, http://dblp.uni-trier.de"
}

@InProceedings{   grigore2007ev,
  author        = "Radu Grigore and Micha{\l} Moskal",
  title         = "Edit and Verify",
  booktitle     = "FTP",
  editor        = "Silvio Ranise",
  pages         = "101--112",
  organization  = "University of Liverpool",
  month         = "September",
  year          = "2007",
  note          = "ULCS-07-018"
}

@Misc{            guava-libraries,
  author = "Google",
  title         = "{Guava} libraries",
  howpublished  = "\\\url{http://code.google.com/p/guava-libraries/}"
}

@InProceedings{   flanagan2001passive,
  author        = "Cormac Flanagan and James B. Saxe",
  title         = "Avoiding exponential explosion: generating compact
                  verification conditions",
  booktitle     = "POPL",
  year          = "2001",
  pages         = "193--205",
  ee            = "http://doi.acm.org/10.1145/360204.360220",
  bibsource     = "DBLP, http://dblp.uni-trier.de"
}

@InProceedings{   flanagan2002escjava,
  author        = "Cormac Flanagan and K. Rustan M. Leino and Mark
                  Lillibridge and Greg Nelson and James B. Saxe and Raymie
                  Stata",
  title         = "Extended Static Checking for {Java}",
  booktitle     = "PLDI",
  year          = "2002",
  pages         = "234--245",
  ee            = "http://doi.acm.org/10.1145/512529.512558",
  bibsource     = "DBLP, http://dblp.uni-trier.de"
}

@Misc{            framac,
  title         = "{Frama-C} homepage",
  howpublished  = "\\\url{http://frama-c.cea.fr/}"
}

@Misc{            wadler1998ep,
  author        = "Philip Wadler",
  title         = "The Expression Problem",
  howpublished  = "\\\url{http://www.daimi.au.dk/~madst/tool/papers/expression.txt}"
                  ,
  year          = "1998"
}

@Misc{            javacollectfaq,
  title         = "{Java} Collections {API} Design {FAQ}",
  howpublished  = "\\\url{http://java.sun.com/j2se/1.5.0/docs/guide/collections/designfaq.html}"
                  
}

@Book{            knuth1986tex,
  author        = "Donald Ervin Knuth",
  title         = "The \TeX book",
  publisher     = "American Mathematical Society and Addison--Wesley",
  year          = "1986"
}

@Article{         mccarthy1960,
  author        = "John McCarthy",
  title         = "Recursive Functions of Symbolic Expressions and Their
                  Computation by Machine, Part I",
  journal       = "Commun. ACM",
  volume        = "3",
  number        = "4",
  year          = "1960",
  pages         = "184--195",
  ee            = "http://doi.acm.org/10.1145/367177.367199",
  bibsource     = "DBLP, http://dblp.uni-trier.de"
}

@InProceedings{   necula2000tv,
  author        = "George C. Necula",
  title         = "Translation validation for an optimizing compiler",
  booktitle     = "PLDI",
  year          = "2000",
  pages         = "83--94",
  ee            = "http://doi.acm.org/10.1145/349299.349314",
  bibsource     = "DBLP, http://dblp.uni-trier.de"
}

@Article{         nelson1980,
  author        = "Greg Nelson and Derek C. Oppen",
  title         = "Fast Decision Procedures Based on Congruence Closure",
  journal       = "J. ACM",
  volume        = "27",
  number        = "2",
  year          = "1980",
  pages         = "356--364",
  ee            = "db/journals/jacm/NelsonO80.html,
                  http://doi.acm.org/10.1145/322186.322198",
  bibsource     = "DBLP, http://dblp.uni-trier.de"
}

@Conference{      rinard1999credible,
  title         = "Credible compilation with pointers",
  author        = "Martin C. Rinard and Darko Marinov",
  booktitle     = "Proceedings of the Workshop on Run-Time Result
                  Verification",
  year          = "1999",
  organization  = "Citeseer"
}

@Book{            allison1986,
  author        = "Lloyd Allison",
  title         = "A Practical Introduction to Denotational Semantics",
  publisher     = "Cambridge University Press",
  year          = "1986"
}

@Unpublished{     baudin2008,
  author        = "Patrick Baudin and Jean-Christophe Filli\^atre and Claude
                  March\'e and Benjamin Monate and Yannick Moy and Virgile
                  Prevosto",
  title         = "{ACSL}: {ANSI/ISO} {C} Specification Language",
  note          = "\\\url{http://www.frama-c.cea.fr/download/acsl_1.4.pdf}"
}

@InProceedings{   beer1996,
  author        = "Ilan Beer and Shoham Ben-David and Cindy Eisner and Avner
                  Landver",
  title         = "{RuleBase}: An Industry-Oriented Formal Verification Tool",
  booktitle     = "DAC",
  year          = "1996",
  pages         = "655--660",
  ee            = "http://doi.acm.org/10.1145/240518.240642",
  bibsource     = "DBLP, http://dblp.uni-trier.de"
}

@Article{         beyer2007,
  author        = "Dirk Beyer and Thomas A. Henzinger and Ranjit Jhala and
                  Rupak Majumdar",
  title         = "The software model checker Blast",
  journal       = "STTT",
  volume        = "9",
  number        = "5--6",
  year          = "2007",
  pages         = "505--525",
  ee            = "http://dx.doi.org/10.1007/s10009-007-0044-z",
  bibsource     = "DBLP, http://dblp.uni-trier.de"
}

@Misc{            blast,
  title         = "{BLAST} homepage",
  howpublished  = "\\\url{http://mtc.epfl.ch/software-tools/blast/}"
}

@Misc{            bogor,
  title         = "{Bogor} homepage",
  howpublished  = "\\\url{http://bogor.projects.cis.ksu.edu/}"
}

@Book{            brooks1995mmm,
  title         = "The mythical man-month",
  author        = "Jr. Frederick P. Brooks",
  year          = "1995",
  publisher     = "Addison-Wesley"
}

@Article{         buchberger2006,
  author        = "Bruno Buchberger and Adrian Craciun and Tudor Jebelean and
                  Laura Kov{\'a}cs and Temur Kutsia and Koji Nakagawa and
                  Florina Piroi and Nikolaj Popov and Judit Robu and Markus
                  Rosenkranz",
  title         = "{Theorema}: Towards computer-aided mathematical theory
                  exploration",
  journal       = "J. Applied Logic",
  volume        = "4",
  number        = "4",
  year          = "2006",
  pages         = "470--504",
  ee            = "http://dx.doi.org/10.1016/j.jal.2005.10.006",
  bibsource     = "DBLP, http://dblp.uni-trier.de"
}

@Misc{            chess,
  title         = "{CHESS} homepage",
  howpublished  = "\\\url{http://research.microsoft.com/en-us/projects/chess/}"
                  
}

@TechReport{      chess_tr,
  author        = "Madanlal Musuvathi and Shaz Qadeer and Thomas Ball",
  title         = "{CHESS}: A Systematic Testing Tool for Concurrent
                  Software",
  institution   = "Microsoft Research",
  year          = "2007",
  number        = "149"
}

@Article{         cok2005methods,
  author        = "David R. Cok",
  title         = "Reasoning with specifications containing method calls and
                  model fields",
  journal       = "Journal of Object Technology",
  volume        = "4",
  number        = "8",
  year          = "2005",
  pages         = "77--103",
  ee            = "http://www.jot.fm/issues/issue_2005_10/article4",
  bibsource     = "DBLP, http://dblp.uni-trier.de"
}

@Misc{            coq,
  title         = "{Coq} homepage",
  howpublished  = "\\\url{http://coq.inria.fr/}"
}

@Book{            coqart,
  author        = "Yves Bertot and Pierre Cast\'eran",
  title         = "Interactive Theorem Proving and Program Development",
  publisher     = "Springer",
  year          = "2004"
}

@InProceedings{   cousot1977,
  author        = "Patrick Cousot and Radhia Cousot",
  title         = "Abstract Interpretation: A Unified Lattice Model for
                  Static Analysis of Programs by Construction or
                  Approximation of Fixpoints",
  booktitle     = "POPL",
  year          = "1977",
  pages         = "238--252",
  bibsource     = "DBLP, http://dblp.uni-trier.de"
}

@InProceedings{   crowston2004tpf,
  author        = "Kevin Crowston and Hala Annabi and James Howison and
                  Chengetai Masango",
  title         = "Towards a portfolio of {FLOSS} project success measures",
  booktitle     = "{ICSE} Open Source Workshop",
  year          = "2004",
  annote        = "some statistics of sourceforge projects"
}

@Misc{            crystal,
  title         = "{Crystal} homepage",
  howpublished  = "\\\url{http://code.google.com/p/crystalsaf/}"
}

@Proceedings{     dblp:conf/birthday/2003manna,
  editor        = "Nachum Dershowitz",
  title         = "Verification: Theory and Practice, Essays Dedicated to
                  Zohar Manna on the Occasion of His 64th Birthday",
  booktitle     = "Verification: Theory and Practice",
  publisher     = "Springer",
  series        = "Lecture Notes in Computer Science",
  volume        = "2772",
  year          = "2003",
  isbn          = "3-540-21002-4",
  bibsource     = "DBLP, http://dblp.uni-trier.de"
}

@Article{         ekhad1991,
  author        = "Shalosh B. Ekhad",
  title         = "A short proof of a `strange' combinatorial identity
                  conjectured by {Gosper}",
  journal       = "Discrete Mathematics",
  volume        = "90",
  number        = "3",
  year          = "1991",
  pages         = "319--320",
  ee            = "http://dx.doi.org/10.1016/0012-365X(91)90152-R",
  bibsource     = "DBLP, http://dblp.uni-trier.de"
}

@Article{         ekhad1990pvp,
  author        = "Shalosh B. Ekhad and Sol Tre",
  title         = "A purely verification proof of the first
                  {Rogers--Ramanujan} identity",
  journal       = "J. Comb. Theory, Ser. A",
  volume        = "54",
  number        = "2",
  year          = "1990",
  pages         = "309--311",
  ee            = "http://dx.doi.org/10.1016/0097-3165(90)90038-X",
  bibsource     = "DBLP, http://dblp.uni-trier.de"
}

@Article{         ekhad1990vsp,
  author        = "Shalosh B. Ekhad",
  title         = "A very short proof of {Dixon}'s theorem",
  journal       = "J. Comb. Theory, Ser. A",
  volume        = "54",
  number        = "1",
  year          = "1990",
  pages         = "141--142",
  ee            = "http://dx.doi.org/10.1016/0097-3165(90)90014-N",
  bibsource     = "DBLP, http://dblp.uni-trier.de"
}

@Article{         ekhad1992,
  author        = "Sheldon Parnes and Shalosh B. Ekhad",
  title         = "A {WZ}-style proof of {Jacobi} polynomials' generating
                  function",
  journal       = "Discrete Mathematics",
  volume        = "110",
  number        = "1-3",
  year          = "1992",
  pages         = "263--264",
  ee            = "http://dx.doi.org/10.1016/0012-365X(92)90715-R",
  bibsource     = "DBLP, http://dblp.uni-trier.de"
}

@Article{         ekhad1993,
  author        = "Shalosh B. Ekhad",
  title         = "A Short, Elementary and Easy {WZ} Proof of the
                  {Askey--Gasper} Inequality That was Used by {de Branges} in
                  his Proof of the {Bieberbach} Conjecture",
  journal       = "Theor. Comput. Sci.",
  volume        = "117",
  number        = "1{\&}2",
  year          = "1993",
  pages         = "199--202",
  bibsource     = "DBLP, http://dblp.uni-trier.de"
}

@Article{         ekhad1996,
  author        = "Shalosh B. Ekhad and J. E. Majewicz",
  title         = "A short {WZ}-style proof of {Abel}'s identity",
  journal       = "Electr. J. Comb.",
  volume        = "3",
  number        = "2",
  year          = "1996",
  ee            = "http://www.combinatorics.org/Volume_3/Abstracts/v3i2r16.html"
                  ,
  bibsource     = "DBLP, http://dblp.uni-trier.de"
}

@Article{         ekhad1997,
  author        = "Tewodros Amdeberhan and Shalosh B. Ekhad",
  title         = "A Condensed Condensation Proof of a Determinant Evaluation
                  Conjectured by {Greg Kuperberg} and {Jim Propp}",
  journal       = "J. Comb. Theory, Ser. A",
  volume        = "78",
  number        = "1",
  year          = "1997",
  pages         = "169--170",
  ee            = "http://dx.doi.org/10.1006/jcta.1996.2756",
  bibsource     = "DBLP, http://dblp.uni-trier.de"
}

@Article{         ekhad1998,
  author        = "Scott Ahlgren and Shalosh B. Ekhad and Ken Ono and Doron
                  Zeilberger",
  title         = "A Binomial Coefficient Identity Associated to a Conjecture
                  of {Beukers}",
  journal       = "Electr. J. Comb.",
  volume        = "5",
  year          = "1998",
  ee            = "http://www.combinatorics.org/Volume_5/Abstracts/v5i1r10.html"
                  ,
  bibsource     = "DBLP, http://dblp.uni-trier.de"
}

@Unpublished{     ewd340,
  author        = "Edsger Wybe Dijkstra",
  title         = "The Humble Programmer",
  note          = "EWD340"
}

@Article{         floyd1962,
  author        = "Robert W. Floyd",
  title         = "Algorithm 97: Shortest path",
  journal       = "Commun. ACM",
  volume        = "5",
  number        = "6",
  year          = "1962",
  pages         = "345",
  ee            = "http://doi.acm.org/10.1145/367766.368168",
  bibsource     = "DBLP, http://dblp.uni-trier.de"
}

@Article{         floyd1967,
  title         = "Assigning meanings to programs",
  author        = "Robert W. Floyd",
  journal       = "Mathematical aspects of computer science",
  volume        = "19",
  number        = "19--32",
  pages         = "1",
  year          = "1967"
}

@Misc{            fxcop,
  title         = "{FxCop} blog",
  howpublished  = "\\\url{http://blogs.msdn.com/fxcop/}"
}

@Misc{            gcc41,
  title         = "{GNU C} compiler internals",
  howpublished  = "\url{http://en.wikibooks.org/wiki/GNU_C_Compiler_Internals/GCC_4.1}"
                  
}

@Book{            harel2000,
  author        = "David Harel and Dexter Kozen and Jerzy Tiuryn",
  title         = "Dynamic Logic",
  publisher     = "MIT Press",
  year          = "2000"
}

@Book{            haskell,
  editor        = "Simon Peyton Jones",
  title         = "Haskell 98 Language and Libraries --- The Revised Report",
  publisher     = "Cambridge University Press",
  address       = "Cambridge, England",
  year          = "2003"
}

@Book{            hesselink1992,
  author        = "Wim H. Hesselink",
  title         = "Programs, Recursion and Unbounded Choice",
  publisher     = "Cambridge University Press",
  year          = "1992"
}

@Article{         hecht1974crf,
  author        = "M. S. Hecht and J. D. Ullman",
  title         = "Characterizations of Reducible Flow Graphs",
  journal       = jacm,
  volume        = "21",
  number        = "3",
  pages         = "367--375",
  month         = jul,
  year          = "1974"
}

@Article{         hoare1969,
  author        = "C. A. R. Hoare",
  title         = "An Axiomatic Basis for Computer Programming",
  journal       = "Commun. ACM",
  volume        = "12",
  number        = "10",
  year          = "1969",
  pages         = "576--580",
  ee            = "http://doi.acm.org/10.1145/363235.363259",
  bibsource     = "DBLP, http://dblp.uni-trier.de"
}

@Misc{            hol,
  title         = "{HOL} homepage",
  howpublished  = "\\\url{http://hol.sourceforge.net/}"
}

@Book{            holbook,
  editor        = "Tobias Nipkow",
  title         = "Isabelle\slash {HOL}: a Proof Assistant for Higher-order
                  Logic",
  publisher     = "Springer",
  year          = "2002"
}

@Misc{            isabelle,
  title         = "{Isabelle} homepage",
  howpublished  = "\\\url{http://www.cl.cam.ac.uk/research/hvg/Isabelle/}"
}

@Misc{            jpf,
  title         = "{Java Pathfinder} homepage",
  howpublished  = "\\\url{http://babelfish.arc.nasa.gov/trac/jpf}"
}

@Book{            key,
  editor        = "Bernhard Beckert and Reiner H{\"a}hnle and Peter H.
                  Schmitt",
  title         = "Verification of object-oriented software: the {KeY}
                  approach",
  publisher     = "Springer",
  year          = "2007",
  volume        = "4334",
  series        = "Lecture Notes in Artificial Intelligence",
  note          = "\\\url{http://www.key-project.org/}"
}

@Book{            kleene1951,
  author        = "Stephen Cole Kleene",
  title         = "Representation of Events in Nerve Nets and Finite
                  Automata",
  publisher     = "RAND Corporation",
  month         = aug,
  year          = "1951"
}

@Book{            knuth1968v1,
  author        = "Donald Ervin Knuth",
  title         = "The Art of Computer Programming, Volume {I}: Fundamental
                  Algorithms",
  publisher     = "Addison--Wesley",
  year          = "1968",
  bibsource     = "DBLP, http://dblp.uni-trier.de"
}

@Article{         knuth1974cpa,
  author        = "Donald Ervin Knuth",
  title         = "Computer Programming as an Art",
  journal       = "Commun. ACM",
  volume        = "17",
  number        = "12",
  year          = "1974",
  pages         = "667--673",
  bibsource     = "DBLP, http://dblp.uni-trier.de"
}

@Article{         leavens2006jml,
  title         = "Preliminary design of {JML}: a behavioral interface
                  specification language for {Java}",
  author        = "Gary Leavens and Albert Baker and Clyde Ruby",
  journal       = "{ACM SIGSOFT} Software Engineering Notes",
  volume        = "31",
  number        = "3",
  pages         = "1--38",
  year          = "2006",
  publisher     = "{ACM} Press",
  note          = "\\\url{http://www.eecs.ucf.edu/~leavens/JML/}"
}

@TechReport{      leavens2006sem,
  author        = "Gary T. Leavens and David A. Naumann and Stan Rosenberg",
  title         = "Preliminary definition of {Core JML}",
  institution   = "Stevens Institute of Technology",
  year          = "2006"
}

@Conference{      leino2007sum,
  title         = "Automatic verification of textbook programs that use
                  comprehensions",
  author        = "K. Rustan M. Leino and Rosemary Monahan",
  booktitle     = "Workshop on Formal Techniques for Java-like Programs
                  (FTfJP)",
  year          = "2007",
  organization  = "Citeseer"
}

@Misc{     leino2008boogie,
  author        = "K. Rustan M. Leino",
  title         = "This is {Boogie}~2",
  howpublished = "\\\url{http://research.microsoft.com/en-us/um/people/leino/papers/krml178.pdf}",
}

@Article{         leroy2009,
  author        = "Xavier Leroy",
  title         = "Formal verification of a realistic compiler",
  journal       = "Commun. ACM",
  volume        = "52",
  number        = "7",
  year          = "2009",
  pages         = "107--115",
  ee            = "http://doi.acm.org/10.1145/1538788.1538814",
  bibsource     = "DBLP, http://dblp.uni-trier.de"
}

@Article{         mccarthy1961,
  title         = "A basis for a mathematical theory of computation,
                  preliminary report",
  author        = "John McCarthy",
  journal       = "AFIPS Joint Computer Conferences",
  pages         = "225--238",
  year          = "1961",
  publisher     = "ACM New York, NY, USA"
}

@Book{            modcheck,
  author        = "Edmund M. Clarke and Orna Grumberg and Doron Peled",
  title         = "Model checking",
  publisher     = "MIT Press",
  year          = "1999"
}

@Book{            noad2002,
  author        = "Frederick M. Noad",
  title         = "The complete idiot's guide to playing the guitar",
  publisher     = "Alpha Books",
  year          = "2002",
  edition       = "second"
}

@Article{         moore2006,
  author        = "J. Strother Moore",
  title         = "Inductive assertions and operational semantics",
  journal       = "STTT",
  volume        = "8",
  number        = "4--5",
  year          = "2006",
  pages         = "359-371",
  ee            = "http://dx.doi.org/10.1007/s10009-005-0180-2",
  bibsource     = "DBLP, http://dblp.uni-trier.de"
}

@Article{         moser2007eac,
  title         = "Empirical analysis on the correlation between {GCC}
                  compiler warnings and revision numbers of source files in
                  five industrial software projects",
  author        = "Raimund Moser and Barbara Russo and Giancarlo Succi",
  journal       = "Empirical Software Engineering",
  volume        = "12",
  number        = "3",
  pages         = "295--310",
  year          = "2007",
  publisher     = "Springer"
}

@Article{         novillo2004,
  author        = "Diego Novillo",
  title         = "From Source to Binary: The Inner Workings of {GCC}",
  journal       = "The Red Hat Magazine",
  year          = "2004",
  month         = "December",
  note          = "\\\url{http://www.redhat.com/magazine/002dec04/features/gcc/}"
                  
}

@Misc{            nquery,
  title         = "{NQuery} homepage",
  howpublished  = "\\\url{http://www.codeplex.com/NQuery}"
}

@Misc{            nusmv,
  title         = "{NuSMV} homepage",
  howpublished  = "\\\url{http://nusmv.irst.itc.it/}"
}

@Misc{            plotkin1981sos,
  title         = "A structural approach to operational semantics",
  author        = "Gordon D. Plotkin",
  year          = "1981"
}

@Article{         plotkin2004,
  author        = "Gordon D. Plotkin",
  title         = "The origins of structural operational semantics",
  journal       = "J. Log. Algebr. Program.",
  volume        = "60-61",
  year          = "2004",
  pages         = "3--15",
  ee            = "http://dx.doi.org/10.1016/j.jlap.2004.03.009",
  bibsource     = "DBLP, http://dblp.uni-trier.de"
}

@Misc{            pmd,
  title         = "{PMD} homepage",
  howpublished  = "\\\url{http://pmd.sourceforge.net/}"
}

@Conference{      pratt1989,
  title         = "Enriched categories and the {Floyd--Warshall} connection",
  author        = "Vaughan Pratt",
  booktitle     = "Proc. First International Conference on Algebraic
                  Methodology and Software Technology, Iowa City",
  pages         = "177--180",
  year          = "1989",
  organization  = "Citeseer"
}

@Misc{            pvs,
  title         = "{PVS} homepage",
  howpublished  = "\\\url{http://pvs.csl.sri.com/}"
}

@Article{         james2010esc4,
  author        = "Perry R. James and Patrice Chalin",
  title         = "Faster and More Complete Extended Static Checking for the
                  Java Modeling Language",
  journal       = "J. Autom. Reasoning",
  volume        = "44",
  number        = "1--2",
  year          = "2010",
  pages         = "145-174",
  ee            = "http://dx.doi.org/10.1007/s10817-009-9134-9",
  bibsource     = "DBLP, http://dblp.uni-trier.de"
}

@Book{            robinson2001v1,
  editor        = "John Alan Robinson and Andrei Voronkov",
  title         = "Handbook of Automated Reasoning",
  publisher     = "Gulf Professional Publishing",
  year          = "2001",
  volume        = "1"
}

@Book{            robinson2001v2,
  editor        = "John Alan Robinson and Andrei Voronkov",
  title         = "Handbook of Automated Reasoning",
  publisher     = "Gulf Professional Publishing",
  year          = "2001",
  volume        = "2"
}

@Article{         roy1959,
  author        = "Bernard Roy",
  title         = "Transitivit\'e et connexit\'e",
  journal       = "C. R. Acad. Sci. Paris",
  volume        = "249",
  year          = "1959",
  pages         = "216--218"
}

@Misc{            rulebase,
  title         = "{RuleBase} homepage",
  howpublished  = "\\\url{http://www.haifa.ibm.com/projects/verification/RB_Homepage/}"
                  
}

@Book{            smullyan1961,
  title         = "Theory of formal systems",
  author        = "Raymond M. Smullyan",
  year          = "1961",
  publisher     = "Princeton University Press"
}

@Misc{            spin,
  title         = "{SPIN} homepage",
  howpublished  = "\\\url{http://spinroot.com/spin/whatispin.html}"
}

@Book{            spinbook,
  author        = "Gerard J. Holzmann",
  title         = "The {SPIN} Model Checker: Primer and Reference Manual",
  publisher     = "Addison--Wesley",
  year          = "2003"
}

@TechReport{      verifast,
  author        = "Bart Jacobs and Frank Pissens",
  title         = "The {VeriFast} Program Verifier",
  institution   = "Department of Computer Science, Katholieke Universiteit
                  Leuven, Belgium",
  year          = "2008",
  number        = "CW-520",
  month         = "August",
  note          = "\\\url{http://www.cs.kuleuven.be/~bartj/verifast/}"
}

@Article{         visser2003,
  author        = "Willem Visser and Klaus Havelund and Guillaume P. Brat and
                  Seungjoon Park and Flavio Lerda",
  title         = "Model Checking Programs",
  journal       = "Autom. Softw. Eng.",
  volume        = "10",
  number        = "2",
  year          = "2003",
  pages         = "203--232",
  ee            = "http://dx.doi.org/10.1023/A:1022920129859",
  bibsource     = "DBLP, http://dblp.uni-trier.de"
}

@Article{         wadler2000pap,
  author        = "Philip Wadler",
  title         = "Proofs are Programs: 19th Century Logic and 21st Century
                  Computing",
  journal       = "Dr.~Dobbs Journal",
  year          = "2000",
  month         = dec,
  note          = "Special supplement on Software in the 21st century"
}

@Article{         warshall1962tbm,
  author        = "Stephen Warshall",
  title         = "A Theorem on Boolean Matrices",
  journal       = "J. ACM",
  volume        = "9",
  number        = "1",
  year          = "1962",
  pages         = "11--12",
  ee            = "db/journals/jacm/Warshall62.html,
                  http://doi.acm.org/10.1145/321105.321107",
  bibsource     = "DBLP, http://dblp.uni-trier.de"
}

@Proceedings{     dblp:conf/ac/1975lhi,
  editor        = "Friedrich L. Bauer and Klaus Samelson",
  title         = "Language Hierarchies and Interfaces, International Summer
                  School, Marktoberdorf, Germany, July 23 - August 2, 1975",
  booktitle     = "Language Hierarchies and Interfaces",
  publisher     = "Springer",
  series        = "Lecture Notes in Computer Science",
  volume        = "46",
  year          = "1976",
  isbn          = "3-540-07994-7",
  bibsource     = "DBLP, http://dblp.uni-trier.de"
}

@Proceedings{     dblp:conf/oopsla/2004,
  editor        = "John M. Vlissides and Douglas C. Schmidt",
  title         = "Companion to the 19th Annual {ACM} {SIGPLAN} Conference on
                  Object-Oriented Programming, Systems, Languages, and
                  Applications, {OOPSLA} 2004, October 24-28, 2004,
                  Vancouver, {BC}, Canada",
  booktitle     = "OOPSLA Companion",
  publisher     = "ACM",
  year          = "2004",
  isbn          = "1-58113-833-4",
  bibsource     = "DBLP, http://dblp.uni-trier.de"
}

@Proceedings{     dblp:conf/cascon/1999,
  editor        = "Stephen A. MacKay and J. Howard Johnson",
  title         = "Proceedings of the 1999 conference of the Centre for
                  Advanced Studies on Collaborative Research, November 8-11,
                  1999, Mississauga, Ontario, Canada",
  booktitle     = "CASCON",
  publisher     = "IBM",
  year          = "1999",
  bibsource     = "DBLP, http://dblp.uni-trier.de"
}

@Proceedings{     dblp:conf/issre/2004,
  title         = "15th International Symposium on Software Reliability
                  Engineering (ISSRE 2004), 2-5 November 2004, Saint-Malo,
                  Bretagne, France",
  booktitle     = "ISSRE",
  publisher     = "IEEE Computer Society",
  year          = "2004",
  isbn          = "0-7695-2215-7",
  bibsource     = "DBLP, http://dblp.uni-trier.de"
}

@Proceedings{     dblp:conf/cav/2002,
  editor        = "Ed Brinksma and Kim Guldstrand Larsen",
  title         = "Computer Aided Verification, 14th International
                  Conference, CAV 2002,Copenhagen, Denmark, July 27--31,
                  2002, Proceedings",
  booktitle     = "CAV",
  publisher     = "Springer",
  series        = "Lecture Notes in Computer Science",
  volume        = "2404",
  year          = "2002",
  isbn          = "3-540-43997-8",
  bibsource     = "DBLP, http://dblp.uni-trier.de"
}

@Proceedings{     dblp:conf/ifm/2004,
  editor        = "Eerke A. Boiten and John Derrick and Graeme Smith",
  title         = "Integrated Formal Methods, 4th International Conference,
                  IFM 2004, Canterbury, UK, April 4--7, 2004, Proceedings",
  booktitle     = "IFM",
  publisher     = "Springer",
  series        = "Lecture Notes in Computer Science",
  volume        = "2999",
  year          = "2004",
  isbn          = "3-540-21377-5",
  bibsource     = "DBLP, http://dblp.uni-trier.de"
}

@Proceedings{     dblp:conf/sigsoft/2003,
  title         = "Proceedings of the 11th ACM SIGSOFT Symposium on
                  Foundations of Software Engineering 2003 held jointly with
                  9th European Software Engineering Conference, ESEC/FSE
                  2003, Helsinki, Finland, September 1--5, 2003",
  booktitle     = "ESEC/SIGSOFT FSE",
  publisher     = "ACM",
  year          = "2003",
  bibsource     = "DBLP, http://dblp.uni-trier.de"
}

@Proceedings{     dblp:conf/cade/1992,
  editor        = "Deepak Kapur",
  title         = "Automated Deduction --- CADE-11, 11th International
                  Conference on Automated Deduction, Saratoga Springs, NY,
                  USA, June 15--18, 1992, Proceedings",
  booktitle     = "CADE",
  publisher     = "Springer",
  series        = "Lecture Notes in Computer Science",
  volume        = "607",
  year          = "1992",
  isbn          = "3-540-55602-8",
  bibsource     = "DBLP, http://dblp.uni-trier.de"
}

@Proceedings{     dblp:conf/fmco/2006,
  editor        = "Frank S. de Boer and Marcello M. Bonsangue and Susanne
                  Graf and Willem P. de Roever",
  title         = "Formal Methods for Components and Objects, 5th
                  International Symposium, FMCO 2006, Amsterdam, The
                  Netherlands, November 7--10, 2006, Revised Lectures",
  booktitle     = "FMCO",
  publisher     = "Springer",
  series        = "Lecture Notes in Computer Science",
  volume        = "4709",
  year          = "2007",
  isbn          = "978-3-540-74791-8",
  bibsource     = "DBLP, http://dblp.uni-trier.de"
}

@Proceedings{     dblp:conf/icfem/2006,
  editor        = "Zhiming Liu and Jifeng He",
  title         = "Formal Methods and Software Engineering, 8th International
                  Conference on Formal Engineering Methods, ICFEM 2006,
                  Macao, China, November 1--3, 2006, Proceedings",
  booktitle     = "ICFEM",
  publisher     = "Springer",
  series        = "Lecture Notes in Computer Science",
  volume        = "4260",
  year          = "2006",
  isbn          = "3-540-47460-9",
  bibsource     = "DBLP, http://dblp.uni-trier.de"
}

@Proceedings{     dblp:conf/tphol/2008,
  editor        = "Otmane A{\"\i}t Mohamed and C{\'e}sar Mu{\~n}oz and
                  Sofi{\`e}ne Tahar",
  title         = "Theorem Proving in Higher Order Logics, 21st International
                  Conference, TPHOLs 2008, Montreal, Canada, August 18--21,
                  2008. Proceedings",
  booktitle     = "TPHOLs",
  publisher     = "Springer",
  series        = "Lecture Notes in Computer Science",
  volume        = "5170",
  year          = "2008",
  isbn          = "978-3-540-71065-3",
  bibsource     = "DBLP, http://dblp.uni-trier.de"
}

@Proceedings{     dblp:conf/cav/2005,
  editor        = "Kousha Etessami and Sriram K. Rajamani",
  title         = "Computer Aided Verification, 17th International
                  Conference, CAV 2005, Edinburgh, Scotland, UK, July 6--10,
                  2005, Proceedings",
  booktitle     = "CAV",
  publisher     = "Springer",
  series        = "Lecture Notes in Computer Science",
  volume        = "3576",
  year          = "2005",
  isbn          = "3-540-27231-3",
  bibsource     = "DBLP, http://dblp.uni-trier.de"
}

@Proceedings{     dblp:conf/cav/2007,
  editor        = "Werner Damm and Holger Hermanns",
  title         = "Computer Aided Verification, 19th International
                  Conference, CAV 2007, Berlin, Germany, July 3--7, 2007,
                  Proceedings",
  booktitle     = "CAV",
  publisher     = "Springer",
  series        = "Lecture Notes in Computer Science",
  volume        = "4590",
  year          = "2007",
  isbn          = "978-3-540-73367-6",
  bibsource     = "DBLP, http://dblp.uni-trier.de"
}

@Proceedings{     dblp:conf/cav/2008,
  editor        = "Aarti Gupta and Sharad Malik",
  title         = "Computer Aided Verification, 20th International
                  Conference, CAV 2008, Princeton, NJ, USA, July 7--14, 2008,
                  Proceedings",
  booktitle     = "CAV",
  publisher     = "Springer",
  series        = "Lecture Notes in Computer Science",
  volume        = "5123",
  year          = "2008",
  isbn          = "978-3-540-70543-7",
  bibsource     = "DBLP, http://dblp.uni-trier.de"
}

@Proceedings{     dblp:conf/dsl/2009,
  editor        = "Walid Mohamed Taha",
  title         = "Domain-Specific Languages, IFIP TC 2 Working Conference,
                  DSL 2009, Oxford, UK, July 15--17, 2009, Proceedings",
  booktitle     = "DSL",
  publisher     = "Springer",
  series        = "Lecture Notes in Computer Science",
  volume        = "5658",
  year          = "2009",
  isbn          = "978-3-642-03033-8",
  ee            = "http://dx-doi.org/10.1007/978-3-642-03034-5",
  bibsource     = "DBLP, http://dblp.uni-trier.de"
}

@Proceedings{     dblp:conf/fase/2009,
  editor        = "Marsha Chechik and Martin Wirsing",
  title         = "Fundamental Approaches to Software Engineering, 12th
                  International Conference, FASE 2009, Held as Part of the
                  Joint European Conferences on Theory and Practice of
                  Software, ETAPS 2009, York, UK, March 22--29, 2009.
                  Proceedings",
  booktitle     = "FASE",
  publisher     = "Springer",
  series        = "Lecture Notes in Computer Science",
  volume        = "5503",
  year          = "2009",
  isbn          = "978-3-642-00592-3",
  ee            = "http://dx.doi.org/10.1007/978-3-642-00593-0",
  bibsource     = "DBLP, http://dblp.uni-trier.de"
}

@Proceedings{     dblp:conf/fm/2008,
  editor        = "Jorge Cu{\'e}llar and T. S. E. Maibaum and Kaisa Sere",
  title         = "FM 2008: Formal Methods, 15th International Symposium on
                  Formal Methods, Turku, Finland, May 26--30, 2008,
                  Proceedings",
  booktitle     = "FM",
  publisher     = "Springer",
  series        = "Lecture Notes in Computer Science",
  volume        = "5014",
  year          = "2008",
  isbn          = "978-3-540-68235-6",
  bibsource     = "DBLP, http://dblp.uni-trier.de"
}

@Proceedings{     dblp:conf/fmoods/2008,
  editor        = "Gilles Barthe and Frank S. de Boer",
  title         = "Formal Methods for Open Object-Based Distributed Systems,
                  10th IFIP WG 6.1 International Conference, FMOODS 2008,
                  Oslo, Norway, June 4--6, 2008, Proceedings",
  booktitle     = "FMOODS",
  publisher     = "Springer",
  series        = "Lecture Notes in Computer Science",
  volume        = "5051",
  year          = "2008",
  isbn          = "978-3-540-68862-4",
  bibsource     = "DBLP, http://dblp.uni-trier.de"
}

@Proceedings{     dblp:conf/lics/2002,
  title         = "17th IEEE Symposium on Logic in Computer Science (LICS
                  2002), 22--25 July 2002, Copenhagen, Denmark, Proceedings",
  booktitle     = "LICS",
  publisher     = "IEEE Computer Society",
  year          = "2002",
  isbn          = "0-7695-1483-9",
  bibsource     = "DBLP, http://dblp.uni-trier.de"
}

@Proceedings{     dblp:conf/icse/2008,
  editor        = "Wilhelm Sch{\"a}fer and Matthew B. Dwyer and Volker Gruhn",
  title         = "30th International Conference on Software Engineering
                  (ICSE 2008), Leipzig, Germany, May 10--18, 2008",
  booktitle     = "ICSE",
  publisher     = "ACM",
  year          = "2008",
  isbn          = "978-1-60558-079-1",
  bibsource     = "DBLP, http://dblp.uni-trier.de"
}

@Proceedings{     dblp:conf/ml/2006,
  editor        = "Andrew Kennedy and Fran\c{c}ois Pottier",
  title         = "Proceedings of the ACM Workshop on ML, 2006, Portland,
                  Oregon, USA, September 16, 2006",
  booktitle     = "ML",
  publisher     = "ACM",
  year          = "2006",
  isbn          = "1-59593-483-9",
  bibsource     = "DBLP, http://dblp.uni-trier.de"
}

@Proceedings{     dblp:conf/oopsla/2006,
  editor        = "Peri L. Tarr and William R. Cook",
  title         = "Proceedings of the 21th Annual ACM SIGPLAN Conference on
                  Object-Oriented Programming, Systems, Languages, and
                  Applications, OOPSLA 2006, October 22--26, 2006, Portland,
                  Oregon, USA",
  booktitle     = "OOPSLA",
  publisher     = "ACM",
  year          = "2006",
  isbn          = "1-59593-348-4",
  bibsource     = "DBLP, http://dblp.uni-trier.de"
}

@Proceedings{     dblp:conf/paste/2005,
  editor        = "Michael D. Ernst and Thomas P. Jensen",
  title         = "Proceedings of the 2005 ACM SIGPLAN-SIGSOFT Workshop on
                  Program Analysis For Software Tools and Engineering,
                  PASTE'05, Lisbon, Portugal, September 5--6, 2005",
  publisher     = "ACM",
  year          = "2005",
  isbn          = "1-59593-239-9",
  bibsource     = "DBLP, http://dblp.uni-trier.de"
}

@Proceedings{     dblp:conf/popl/2004,
  editor        = "Neil D. Jones and Xavier Leroy",
  title         = "Proceedings of the 31st ACM SIGPLAN-SIGACT Symposium on
                  Principles of Programming Languages, POPL 2004, Venice,
                  Italy, January 14--16, 2004",
  booktitle     = "POPL",
  publisher     = "ACM",
  year          = "2004",
  isbn          = "1-58113-729-X",
  bibsource     = "DBLP, http://dblp.uni-trier.de"
}

@Proceedings{     dblp:conf/popl/2006,
  editor        = "J. Gregory Morrisett and Simon L. Peyton Jones",
  title         = "Proceedings of the 33rd ACM SIGPLAN--SIGACT Symposium on
                  Principles of Programming Languages, POPL 2006, Charleston,
                  South Carolina, USA, January 11--13, 2006",
  booktitle     = "POPL",
  publisher     = "ACM",
  year          = "2006",
  isbn          = "1-59593-027-2",
  bibsource     = "DBLP, http://dblp.uni-trier.de"
}

@Proceedings{     dblp:conf/tacas/1998,
  editor        = "Bernhard Steffen",
  title         = "Tools and Algorithms for Construction and Analysis of
                  Systems, 4th International Conference, TACAS '98, Held as
                  Part of the European Joint Conferences on the Theory and
                  Practice of Software, ETAPS'98, Lisbon, Portugal, March 28
                  -- April 4, 1998, Proceedings",
  booktitle     = "TACAS",
  publisher     = "Springer",
  series        = "Lecture Notes in Computer Science",
  volume        = "1384",
  year          = "1998",
  isbn          = "3-540-64356-7",
  bibsource     = "DBLP, http://dblp.uni-trier.de"
}

@Proceedings{     dblp:conf/tacas/2001,
  editor        = "Tiziana Margaria and Wang Yi",
  title         = "Tools and Algorithms for the Construction and Analysis of
                  Systems, 7th International Conference, TACAS 2001 Held as
                  Part of the Joint European Conferences on Theory and
                  Practice of Software, ETAPS 2001 Genova, Italy, April 2--6,
                  2001, Proceedings",
  booktitle     = "TACAS",
  publisher     = "Springer",
  series        = "Lecture Notes in Computer Science",
  volume        = "2031",
  year          = "2001",
  isbn          = "3-540-41865-2",
  bibsource     = "DBLP, http://dblp.uni-trier.de"
}

@Proceedings{     dblp:conf/tacas/2008,
  editor        = "C. R. Ramakrishnan and Jakob Rehof",
  title         = "Tools and Algorithms for the Construction and Analysis of
                  Systems, 14th International Conference, TACAS 2008, Held as
                  Part of the Joint European Conferences on Theory and
                  Practice of Software, ETAPS 2008, Budapest, Hungary, March
                  29-April 6, 2008. Proceedings",
  booktitle     = "TACAS",
  publisher     = "Springer",
  series        = "Lecture Notes in Computer Science",
  volume        = "4963",
  year          = "2008",
  isbn          = "978-3-540-78799-0",
  bibsource     = "DBLP, http://dblp.uni-trier.de"
}

@Proceedings{     dblp:conf/tacas/2009,
  editor        = "Stefan Kowalewski and Anna Philippou",
  title         = "Tools and Algorithms for the Construction and Analysis of
                  Systems, 15th International Conference, TACAS 2009, Held as
                  Part of the Joint European Conferences on Theory and
                  Practice of Software, ETAPS 2009, York, UK, March 22--29,
                  2009. Proceedings",
  booktitle     = "TACAS",
  publisher     = "Springer",
  series        = "Lecture Notes in Computer Science",
  volume        = "5505",
  year          = "2009",
  isbn          = "978-3-642-00767-5",
  ee            = "http://dx.doi.org/10.1007/978-3-642-00768-2",
  bibsource     = "DBLP, http://dblp.uni-trier.de"
}

@Proceedings{     dblp:conf/tacas/2010,
  editor        = "Javier Esparza and Rupak Majumdar",
  title         = "Tools and Algorithms for the Construction and Analysis of
                  Systems, 16th International Conference, TACAS 2010, Held as
                  Part of the Joint European Conferences on Theory and
                  Practice of Software, ETAPS 2010, Paphos, Cyprus, March
                  20--28, 2010. Proceedings",
  booktitle     = "TACAS",
  publisher     = "Springer",
  series        = "Lecture Notes in Computer Science",
  volume        = "6015",
  year          = "2010",
  isbn          = "978-3-642-12001-5",
  ee            = "http://dx.doi.org/10.1007/978-3-642-12002-2",
  bibsource     = "DBLP, http://dblp.uni-trier.de"
}

@Proceedings{     dblp:conf/tphol/2009,
  editor        = "Stefan Berghofer and Tobias Nipkow and Christian Urban and
                  Makarius Wenzel",
  title         = "Theorem Proving in Higher Order Logics, 22nd International
                  Conference, TPHOLs 2009, Munich, Germany, August 17--20,
                  2009. Proceedings",
  booktitle     = "TPHOLs",
  publisher     = "Springer",
  series        = "Lecture Notes in Computer Science",
  volume        = "5674",
  year          = "2009",
  isbn          = "978-3-642-03358-2",
  ee            = "http://dx.doi.org/10.1007/978-3-642-03359-9",
  bibsource     = "DBLP, http://dblp.uni-trier.de"
}

@Proceedings{     dblp:conf/vstte/2008,
  editor        = "Natarajan Shankar and Jim Woodcock",
  title         = "Verified Software: Theories, Tools, Experiments, Second
                  International Conference, VSTTE 2008, Toronto, Canada,
                  October 6--9, 2008. Proceedings ",
  booktitle     = "VSTTE",
  publisher     = "Springer",
  series        = "Lecture Notes in Computer Science",
  volume        = "5295",
  year          = "2008",
  isbn          = "978-3-540-87872-8",
  bibsource     = "DBLP, http://dblp.uni-trier.de"
}

@Proceedings{     dblp:conf/fmco/2005,
  editor        = "Frank S. de Boer and Marcello M. Bonsangue and Susanne
                  Graf and Willem P. de Roever",
  title         = "Formal Methods for Components and Objects, 4th
                  International Symposium, FMCO 2005, Amsterdam, The
                  Netherlands, November 1--4, 2005, Revised Lectures",
  booktitle     = "FMCO",
  publisher     = "Springer",
  series        = "Lecture Notes in Computer Science",
  volume        = "4111",
  year          = "2006",
  isbn          = "3-540-36749-7",
  bibsource     = "DBLP, http://dblp.uni-trier.de"
}

@Proceedings{     dblp:conf/cassis/2004,
  editor        = "Gilles Barthe and Lilian Burdy and Marieke Huisman and
                  Jean-Louis Lanet and Traian Muntean",
  title         = "Construction and Analysis of Safe, Secure, and
                  Interoperable Smart Devices, International Workshop, CASSIS
                  2004, Marseille, France, March 10--14, 2004, Revised
                  Selected Papers",
  booktitle     = "CASSIS",
  publisher     = "Springer",
  series        = "Lecture Notes in Computer Science",
  volume        = "3362",
  year          = "2005",
  isbn          = "3-540-24287-2",
  bibsource     = "DBLP, http://dblp.uni-trier.de"
}

@Proceedings{     dblp:conf/fm/2009,
  editor        = "Ana Cavalcanti and Dennis Dams",
  title         = "FM 2009: Formal Methods, Second World Congress, Eindhoven,
                  The Netherlands, November 2--6, 2009. Proceedings",
  booktitle     = "FM",
  publisher     = "Springer",
  series        = "Lecture Notes in Computer Science",
  volume        = "5850",
  year          = "2009",
  isbn          = "978-3-642-05088-6",
  ee            = "http://dx.doi.org/10.1007/978-3-642-05089-3",
  bibsource     = "DBLP, http://dblp.uni-trier.de"
}

@Proceedings{     dblp:conf/sigplan/1984,
  title         = "Proceedings of the 1984 SIGPLAN Symposium on Compiler
                  Construction, Montreal, Canada, June 17--22, 1984",
  booktitle     = "SIGPLAN Symposium on Compiler Construction",
  publisher     = "ACM",
  year          = "1984",
  bibsource     = "DBLP, http://dblp.uni-trier.de"
}

@Proceedings{     dblp:conf/sefm/2004,
  title         = "2nd International Conference on Software Engineering and
                  Formal Methods (SEFM 2004), 28--30 September 2004, Beijing,
                  China",
  booktitle     = "SEFM",
  publisher     = "IEEE Computer Society",
  year          = "2004",
  isbn          = "0-7695-2222-X",
  bibsource     = "DBLP, http://dblp.uni-trier.de"
}

@Proceedings{     dblp:conf/stoc/stoc3,
  title         = "Conference Record of Third Annual ACM Symposium on Theory
                  of Computing, 1971, Shaker Heights, Ohio, USA",
  booktitle     = "STOC",
  publisher     = "ACM",
  year          = "1971",
  bibsource     = "DBLP, http://dblp.uni-trier.de"
}

@Proceedings{     dblp:conf/ac/2000appsem,
  editor        = "Gilles Barthe and Peter Dybjer and Luis Pinto and Jo{\~a}o
                  Saraiva",
  title         = "Applied Semantics, International Summer School, APPSEM
                  2000, Caminha, Portugal, September 9--15, 2000, Advanced
                  Lectures",
  booktitle     = "APPSEM",
  publisher     = "Springer",
  series        = "Lecture Notes in Computer Science",
  volume        = "2395",
  year          = "2002",
  isbn          = "3-540-44044-5",
  bibsource     = "DBLP, http://dblp.uni-trier.de"
}
